<?xml version='1.0'?>
<collection xmlns='http://www.loc.gov/MARC21/slim'
      xmlns:xsi='http://www.w3.org/2001/XMLSchema-instance'
      xsi:schemaLocation="http://www.loc.gov/MARC21/slim http://www.loc.gov/standards/marcxml/schema/MARC21slim.xsd">
<record><leader>01240cam a2200301   4500</leader><controlfield tag='001'>9914462893506421</controlfield><controlfield tag='005'>20260623041144.0</controlfield><controlfield tag='008'>991112s1907    fr a          000 0 fre d</controlfield><datafield ind1=' ' ind2=' ' tag='019'><subfield code='a'>283798917</subfield><subfield code='a'>976505978</subfield></datafield><datafield ind1='1' ind2=' ' tag='029'><subfield code='a'>GEBAY</subfield><subfield code='b'>8607846</subfield></datafield><datafield ind1=' ' ind2=' ' tag='035'><subfield code='9'>CEK1137TS</subfield></datafield><datafield ind1=' ' ind2=' ' tag='035'><subfield code='a'>(NjP)1446289-princetondb</subfield></datafield><datafield ind1=' ' ind2=' ' tag='035'><subfield code='z'>(NjP)Voyager1446289</subfield></datafield><datafield ind1=' ' ind2=' ' tag='035'><subfield code='a'>(OCoLC)42812563</subfield></datafield><datafield ind1=' ' ind2=' ' tag='040'><subfield code='a'>PUL</subfield><subfield code='b'>eng</subfield><subfield code='c'>PUL</subfield></datafield><datafield ind1=' ' ind2='4' tag='050'><subfield code='a'>DR571.5</subfield></datafield><datafield ind1='1' ind2=' ' tag='100'><subfield code='a'>Dorys, Georges,</subfield><subfield code='c'>pseud.</subfield></datafield><datafield ind1='0' ind2='0' tag='245'><subfield code='a'>Abdul-Hamid intime.</subfield><subfield code='c'>Préf. de Pierre Quillard.</subfield></datafield><datafield ind1=' ' ind2=' ' tag='250'><subfield code='a'>7. éd.</subfield></datafield><datafield ind1=' ' ind2=' ' tag='260'><subfield code='a'>Paris,</subfield><subfield code='b'>Stock,</subfield><subfield code='c'>1907.</subfield></datafield><datafield ind1=' ' ind2=' ' tag='300'><subfield code='a'>274 p.</subfield><subfield code='b'>illus.</subfield><subfield code='c'>19 cm.</subfield></datafield><datafield ind1='0' ind2='0' tag='600'><subfield code='a'>Abdülhamid</subfield><subfield code='b'>II,</subfield><subfield code='c'>Sultan of the Turks,</subfield><subfield code='d'>1842-1918.</subfield><subfield code='0'>http://id.loc.gov/authorities/names/n50035365</subfield></datafield><datafield ind1='0' ind2='7' tag='600'><subfield code='a'>Abdülhamid</subfield><subfield code='b'>II,</subfield><subfield code='c'>Sultan of the Turks,</subfield><subfield code='d'>1842-1918</subfield><subfield code='2'>fast</subfield><subfield code='0'>(OCoLC)fst00012016</subfield><subfield code='1'>https://id.oclc.org/worldcat/entity/E39PBJk4xY3yfcYX3bhhhvxxDq</subfield></datafield><datafield ind1='0' ind2=' ' tag='852'><subfield code='b'>f</subfield><subfield code='h'>DR571</subfield><subfield code='i'>.D679 1907</subfield><subfield code='p'>1658467</subfield><subfield code='x'>reclassed from: 1789.111.31.11</subfield></datafield><datafield ind1=' ' ind2=' ' tag='911'><subfield code='a'>20000130</subfield></datafield><datafield ind1=' ' ind2=' ' tag='914'><subfield code='a'>(OCoLC)ocm42812563</subfield><subfield code='b'>OCoLC</subfield><subfield code='c'>match</subfield><subfield code='d'>20240828</subfield><subfield code='e'>processed</subfield><subfield code='f'>42812563</subfield></datafield><datafield ind1=' ' ind2=' ' tag='916'><subfield code='a'>2026-03-12</subfield><subfield code='b'>(OCoLC)42812563</subfield><subfield code='c'>New collection customer.1791.allpul</subfield><subfield code='d'>9914462893506421</subfield><subfield code='e'>WorldShare Record Update</subfield><subfield code='f'>processed</subfield></datafield><datafield ind1=' ' ind2=' ' tag='947'><subfield code='a'>CEK1137</subfield></datafield><datafield ind1=' ' ind2=' ' tag='AVA'><subfield code='0'>9914462893506421</subfield><subfield code='8'>22588325530006421</subfield><subfield code='a'>01PRI_INST</subfield><subfield code='b'>recap</subfield><subfield code='c'>Remote Storage</subfield><subfield code='d'>DR571 .D679 1907</subfield><subfield code='e'>available</subfield><subfield code='f'>1</subfield><subfield code='g'>0</subfield><subfield code='j'>pa</subfield><subfield code='k'>0</subfield><subfield code='p'>1</subfield><subfield code='q'>ReCAP</subfield></datafield><datafield ind1=' ' ind2=' ' tag='AVE'><subfield code='8'>53882976430006421</subfield><subfield code='e'>Available</subfield><subfield code='l'>online</subfield><subfield code='a'>01PRI_INST</subfield><subfield code='0'>9914462893506421</subfield></datafield></record>