
<record><leader>02014cam a2200421 a 4500</leader><controlfield tag='001'>99208963506421</controlfield><controlfield tag='005'>20260616092433.0</controlfield><controlfield tag='008'>800818s1979    is abc        001 0 eng d</controlfield><datafield ind1=' ' ind2=' ' tag='019'><subfield code='a'>1167231827</subfield><subfield code='a'>1421268717</subfield></datafield><datafield ind1=' ' ind2=' ' tag='020'><subfield code='a'>9652200042</subfield></datafield><datafield ind1=' ' ind2=' ' tag='020'><subfield code='a'>9789652200044</subfield></datafield><datafield ind1='1' ind2=' ' tag='029'><subfield code='a'>AU@</subfield><subfield code='b'>000006017071</subfield></datafield><datafield ind1=' ' ind2=' ' tag='035'><subfield code='a'>(CStRLIN)NJPG17791367-B</subfield></datafield><datafield ind1=' ' ind2=' ' tag='035'><subfield code='9'>AAH5239TS</subfield></datafield><datafield ind1=' ' ind2=' ' tag='035'><subfield code='a'>(NjP)20896-princetondb</subfield></datafield><datafield ind1=' ' ind2=' ' tag='035'><subfield code='z'>(NjP)Voyager20896</subfield></datafield><datafield ind1=' ' ind2=' ' tag='035'><subfield code='a'>(OCoLC)5903372</subfield></datafield><datafield ind1=' ' ind2=' ' tag='040'><subfield code='a'>PU</subfield><subfield code='b'>eng</subfield><subfield code='c'>PU</subfield></datafield><datafield ind1='1' ind2=' ' tag='041'><subfield code='a'>eng</subfield><subfield code='h'>heb</subfield></datafield><datafield ind1=' ' ind2='4' tag='050'><subfield code='a'>DS108.5</subfield><subfield code='b'>.L2813 1979</subfield></datafield><datafield ind1='0' ind2=' ' tag='100'><subfield code='a'>Abdülhamid</subfield><subfield code='b'>II,</subfield><subfield code='c'>Sultan of the Turks,</subfield><subfield code='d'>1842-1918.</subfield><subfield code='0'>http://id.loc.gov/authorities/names/n50035365</subfield></datafield><datafield ind1='1' ind2='0' tag='245'><subfield code='a'>Abdul Hamid&apos;s Palestine ;</subfield><subfield code='b'>rare century-old photographs from the private collection of the Ottoman sultan, now published for the first time /</subfield><subfield code='c'>Selected and introduced by Jacob M. Landau.</subfield></datafield><datafield ind1=' ' ind2=' ' tag='260'><subfield code='a'>Jerusalem :</subfield><subfield code='b'>Carta,</subfield><subfield code='c'>1979.</subfield></datafield><datafield ind1=' ' ind2=' ' tag='300'><subfield code='a'>144 p. :</subfield><subfield code='b'>chiefly ill., map, ports. ;</subfield><subfield code='c'>27 cm.</subfield></datafield><datafield ind1=' ' ind2=' ' tag='500'><subfield code='a'>Includes index.</subfield></datafield><datafield ind1='0' ind2='0' tag='600'><subfield code='a'>Abdülhamid</subfield><subfield code='b'>II,</subfield><subfield code='c'>Sultan of the Turks,</subfield><subfield code='d'>1842-1918.</subfield><subfield code='0'>http://id.loc.gov/authorities/names/n50035365</subfield></datafield><datafield ind1='0' ind2='7' tag='600'><subfield code='a'>Abdülhamid</subfield><subfield code='b'>II,</subfield><subfield code='c'>Sultan of the Turks,</subfield><subfield code='d'>1842-1918</subfield><subfield code='2'>fast</subfield><subfield code='1'>https://id.oclc.org/worldcat/entity/E39PBJk4xY3yfcYX3bhhhvxxDq</subfield></datafield><datafield ind1=' ' ind2='7' tag='648'><subfield code='a'>1799-1917</subfield><subfield code='2'>fast</subfield></datafield><datafield ind1=' ' ind2='0' tag='651'><subfield code='a'>Palestine</subfield><subfield code='v'>Pictorial works.</subfield></datafield><datafield ind1=' ' ind2='0' tag='651'><subfield code='a'>Palestine</subfield><subfield code='x'>History</subfield><subfield code='y'>1799-1917.</subfield><subfield code='0'>http://id.loc.gov/authorities/subjects/sh85097171</subfield></datafield><datafield ind1=' ' ind2='6' tag='651'><subfield code='a'>Palestine</subfield><subfield code='x'>Histoire</subfield><subfield code='y'>1799-1917.</subfield></datafield><datafield ind1=' ' ind2='7' tag='651'><subfield code='a'>Middle East</subfield><subfield code='z'>Palestine</subfield><subfield code='2'>fast</subfield><subfield code='1'>https://id.oclc.org/worldcat/entity/E39PBJbGRpdjCJGRyrXqt8rTHC</subfield></datafield><datafield ind1='1' ind2=' ' tag='700'><subfield code='a'>Landau, Jacob M.</subfield><subfield code='0'>http://id.loc.gov/authorities/names/n79096944</subfield></datafield><datafield ind1=' ' ind2=' ' tag='911'><subfield code='a'>19921028</subfield></datafield><datafield ind1=' ' ind2=' ' tag='912'><subfield code='a'>19970114065022.0</subfield></datafield><datafield ind1=' ' ind2=' ' tag='914'><subfield code='a'>(OCoLC)ocm05903372</subfield><subfield code='b'>OCoLC</subfield><subfield code='c'>match</subfield><subfield code='d'>20240717</subfield><subfield code='e'>processed</subfield><subfield code='f'>5903372</subfield></datafield><datafield ind1=' ' ind2=' ' tag='916'><subfield code='a'>2026-03-12</subfield><subfield code='b'>(OCoLC)5903372</subfield><subfield code='c'>New collection customer.1791.allpul</subfield><subfield code='d'>99208963506421</subfield><subfield code='e'>WorldShare Record Update</subfield><subfield code='f'>processed</subfield></datafield><datafield ind1=' ' ind2=' ' tag='998'><subfield code='a'>08/18/80</subfield><subfield code='s'>9114</subfield><subfield code='n'>NjP</subfield><subfield code='w'>NJPG17791367B</subfield><subfield code='d'>05/08/81</subfield><subfield code='c'>DC</subfield><subfield code='b'>FR</subfield><subfield code='i'>800818</subfield><subfield code='l'>NJPG</subfield></datafield><datafield ind1=' ' ind2=' ' tag='AVA'><subfield code='0'>99208963506421</subfield><subfield code='8'>22745777320006421</subfield><subfield code='a'>01PRI_INST</subfield><subfield code='b'>recap</subfield><subfield code='c'>Remote Storage</subfield><subfield code='d'>DS107 .xA2</subfield><subfield code='e'>available</subfield><subfield code='f'>1</subfield><subfield code='g'>0</subfield><subfield code='j'>pa</subfield><subfield code='k'>0</subfield><subfield code='p'>1</subfield><subfield code='q'>ReCAP</subfield></datafield></record>