
<record><leader>01953cam a2200373 a 4500</leader><controlfield tag='001'>9927414553506421</controlfield><controlfield tag='005'>20260617065603.0</controlfield><controlfield tag='008'>831102s1909    tu            000 0 fre d</controlfield><datafield ind1=' ' ind2=' ' tag='035'><subfield code='9'>CND1272TS</subfield></datafield><datafield ind1=' ' ind2=' ' tag='035'><subfield code='a'>(NjP)2741455-princetondb</subfield></datafield><datafield ind1=' ' ind2=' ' tag='035'><subfield code='z'>(NjP)Voyager2741455</subfield></datafield><datafield ind1=' ' ind2=' ' tag='035'><subfield code='a'>(OCoLC)10085060</subfield></datafield><datafield ind1=' ' ind2=' ' tag='040'><subfield code='a'>TJC</subfield><subfield code='b'>eng</subfield><subfield code='c'>TJC</subfield><subfield code='d'>OCL</subfield><subfield code='d'>PUL</subfield></datafield><datafield ind1=' ' ind2='4' tag='050'><subfield code='a'>DR571</subfield></datafield><datafield ind1='1' ind2=' ' tag='100'><subfield code='a'>Rizas, G.</subfield></datafield><datafield ind1='1' ind2='0' tag='245'><subfield code='a'>Abdul Hamid :</subfield><subfield code='b'>sa vie politique et intime : 33 ans de tyrannie : tous les secrets de la camarilla dévoilés : prodigieux efforts du parti Jeune-Turc /</subfield><subfield code='c'>publié par G. Rizas ; d&apos;après les meilleurs écrivains et biographes d&apos;Abdul Hamid.</subfield></datafield><datafield ind1=' ' ind2=' ' tag='260'><subfield code='a'>Constantinople :</subfield><subfield code='b'>E. Pallamary,</subfield><subfield code='c'>1909.</subfield></datafield><datafield ind1=' ' ind2=' ' tag='300'><subfield code='a'>496 p. :</subfield><subfield code='b'>ill. ;</subfield><subfield code='c'>20 cm.</subfield></datafield><datafield ind1=' ' ind2=' ' tag='500'><subfield code='a'>G. Rizes appears on binding.</subfield></datafield><datafield ind1=' ' ind2=' ' tag='504'><subfield code='a'>Includes bibliographical references.</subfield></datafield><datafield ind1='0' ind2='0' tag='600'><subfield code='a'>Abdülhamid</subfield><subfield code='b'>II,</subfield><subfield code='c'>Sultan of the Turks,</subfield><subfield code='d'>1842-1918.</subfield><subfield code='0'>http://id.loc.gov/authorities/names/n50035365</subfield></datafield><datafield ind1='0' ind2='7' tag='600'><subfield code='a'>Abdülhamid</subfield><subfield code='b'>II,</subfield><subfield code='c'>Sultan of the Turks,</subfield><subfield code='d'>1842-1918</subfield><subfield code='2'>fast</subfield><subfield code='1'>https://id.oclc.org/worldcat/entity/E39PBJk4xY3yfcYX3bhhhvxxDq</subfield></datafield><datafield ind1='0' ind2='7' tag='600'><subfield code='a'>Abdülhammit</subfield><subfield code='b'>II,</subfield><subfield code='c'>Sultan of the Turks,</subfield><subfield code='d'>1842-1918.</subfield><subfield code='2'>nli</subfield></datafield><datafield ind1=' ' ind2='7' tag='648'><subfield code='a'>1878-1909</subfield><subfield code='2'>fast</subfield></datafield><datafield ind1=' ' ind2='7' tag='650'><subfield code='a'>Politics and government</subfield><subfield code='2'>fast</subfield></datafield><datafield ind1=' ' ind2='0' tag='651'><subfield code='a'>Turkey</subfield><subfield code='x'>Politics and government</subfield><subfield code='y'>1878-1909.</subfield><subfield code='0'>http://id.loc.gov/authorities/subjects/sh85138845</subfield></datafield><datafield ind1=' ' ind2='6' tag='651'><subfield code='a'>Empire ottoman</subfield><subfield code='x'>Politique et gouvernement</subfield><subfield code='y'>1878-1909.</subfield></datafield><datafield ind1=' ' ind2='7' tag='651'><subfield code='a'>Turkey</subfield><subfield code='2'>fast</subfield><subfield code='1'>https://id.oclc.org/worldcat/entity/E39PBJxmHG9jJjCTM3y4pFRqcP</subfield></datafield><datafield ind1=' ' ind2='7' tag='651'><subfield code='a'>Turkey</subfield><subfield code='x'>Politics and government</subfield><subfield code='y'>1878-1909</subfield><subfield code='2'>nli</subfield></datafield><datafield ind1='0' ind2=' ' tag='852'><subfield code='b'>f</subfield><subfield code='h'>DR571</subfield><subfield code='i'>.R593 1909</subfield><subfield code='p'>3052091</subfield><subfield code='x'>reclassed from: 1789.111.77</subfield></datafield><datafield ind1=' ' ind2=' ' tag='911'><subfield code='a'>20000130</subfield></datafield><datafield ind1=' ' ind2=' ' tag='914'><subfield code='a'>(OCoLC)ocm10085060</subfield><subfield code='b'>OCoLC</subfield><subfield code='c'>match</subfield><subfield code='d'>20240828</subfield><subfield code='e'>processed</subfield><subfield code='f'>10085060</subfield></datafield><datafield ind1=' ' ind2=' ' tag='916'><subfield code='a'>2026-03-12</subfield><subfield code='b'>(OCoLC)10085060</subfield><subfield code='c'>New collection customer.1791.allpul</subfield><subfield code='d'>9927414553506421</subfield><subfield code='e'>WorldShare Record Update</subfield><subfield code='f'>processed</subfield></datafield><datafield ind1=' ' ind2=' ' tag='945'><subfield code='a'>F</subfield><subfield code='b'>1</subfield><subfield code='c'>1789.111.77</subfield></datafield><datafield ind1=' ' ind2=' ' tag='AVA'><subfield code='0'>9927414553506421</subfield><subfield code='8'>22702965140006421</subfield><subfield code='a'>01PRI_INST</subfield><subfield code='b'>recap</subfield><subfield code='c'>Remote Storage</subfield><subfield code='d'>DR571 .R593 1909</subfield><subfield code='e'>available</subfield><subfield code='f'>1</subfield><subfield code='g'>0</subfield><subfield code='j'>pa</subfield><subfield code='k'>0</subfield><subfield code='p'>1</subfield><subfield code='q'>ReCAP</subfield></datafield><datafield ind1=' ' ind2=' ' tag='AVE'><subfield code='8'>53888205050006421</subfield><subfield code='e'>Available</subfield><subfield code='l'>online</subfield><subfield code='a'>01PRI_INST</subfield><subfield code='0'>9927414553506421</subfield></datafield></record>