
<record><leader>02210cam a2200493 i 4500</leader><controlfield tag='001'>99102442193506421</controlfield><controlfield tag='005'>20240711085324.0</controlfield><controlfield tag='008'>151029t20152015mx            000 f spa d</controlfield><datafield ind1=' ' ind2=' ' tag='019'><subfield code='a'>921870580</subfield><subfield code='a'>933537567</subfield></datafield><datafield ind1=' ' ind2=' ' tag='020'><subfield code='a'>607073002X</subfield></datafield><datafield ind1=' ' ind2=' ' tag='020'><subfield code='a'>9786070730023</subfield></datafield><datafield ind1=' ' ind2=' ' tag='035'><subfield code='a'>(NjP)10244219-princetondb</subfield></datafield><datafield ind1=' ' ind2=' ' tag='035'><subfield code='z'>(OCoLC)921870580</subfield><subfield code='z'>(OCoLC)933537567</subfield></datafield><datafield ind1=' ' ind2=' ' tag='035'><subfield code='z'>(NjP)Voyager10244219</subfield></datafield><datafield ind1=' ' ind2=' ' tag='035'><subfield code='a'>(OCoLC)ocn930683815</subfield></datafield><datafield ind1=' ' ind2=' ' tag='040'><subfield code='a'>GIP</subfield><subfield code='b'>eng</subfield><subfield code='e'>rda</subfield><subfield code='c'>GIP</subfield><subfield code='d'>OCLCO</subfield><subfield code='d'>BDX</subfield><subfield code='d'>BTCTA</subfield><subfield code='d'>YDXCP</subfield><subfield code='d'>ORX</subfield><subfield code='d'>OCLCO</subfield><subfield code='d'>OCLCF</subfield><subfield code='d'>OCLCO</subfield><subfield code='d'>TEU</subfield><subfield code='d'>UNL</subfield><subfield code='d'>OCLCO</subfield><subfield code='d'>LTSCA</subfield><subfield code='d'>NYP</subfield><subfield code='d'>OCLCO</subfield><subfield code='d'>OCL</subfield><subfield code='d'>OCLCO</subfield><subfield code='d'>CUY</subfield><subfield code='d'>MUU</subfield></datafield><datafield ind1=' ' ind2='4' tag='050'><subfield code='a'>PQ7440.S26</subfield><subfield code='b'>A7 2015</subfield></datafield><datafield ind1='1' ind2='4' tag='050'><subfield code='a'>PQ7440.S26</subfield><subfield code='b'>A43 2015</subfield></datafield><datafield ind1='1' ind2=' ' tag='100'><subfield code='a'>Santos-Febres, Mayra,</subfield><subfield code='d'>1966-</subfield><subfield code='e'>author.</subfield><subfield code='0'>http://id.loc.gov/authorities/names/n97008809</subfield></datafield><datafield ind1='1' ind2='3' tag='245'><subfield code='a'>La amante de Gardel /</subfield><subfield code='c'>Mayra Santos-Febres.</subfield></datafield><datafield ind1=' ' ind2=' ' tag='250'><subfield code='a'>Primera edición.</subfield></datafield><datafield ind1=' ' ind2='1' tag='264'><subfield code='a'>México, D.F. :</subfield><subfield code='b'>Planeta,</subfield><subfield code='c'>[2015]</subfield></datafield><datafield ind1=' ' ind2='4' tag='264'><subfield code='c'>©2015</subfield></datafield><datafield ind1=' ' ind2=' ' tag='300'><subfield code='a'>197 pages ;</subfield><subfield code='c'>23 cm.</subfield></datafield><datafield ind1=' ' ind2=' ' tag='336'><subfield code='a'>text</subfield><subfield code='b'>txt</subfield><subfield code='2'>rdacontent</subfield></datafield><datafield ind1=' ' ind2=' ' tag='337'><subfield code='a'>unmediated</subfield><subfield code='b'>n</subfield><subfield code='2'>rdamedia</subfield></datafield><datafield ind1=' ' ind2=' ' tag='338'><subfield code='a'>volume</subfield><subfield code='b'>nc</subfield><subfield code='2'>rdacarrier</subfield></datafield><datafield ind1='1' ind2=' ' tag='490'><subfield code='a'>Autores españoles e iberoamericanos</subfield></datafield><datafield ind1='1' ind2='0' tag='600'><subfield code='a'>Gardel, Carlos,</subfield><subfield code='d'>1890-1935</subfield><subfield code='v'>Fiction.</subfield></datafield><datafield ind1=' ' ind2='0' tag='650'><subfield code='a'>Man-woman relationships</subfield><subfield code='v'>Fiction.</subfield><subfield code='0'>http://id.loc.gov/authorities/subjects/sh2008107175</subfield></datafield><datafield ind1=' ' ind2='0' tag='650'><subfield code='a'>Entertainers</subfield><subfield code='v'>Fiction.</subfield><subfield code='0'>http://id.loc.gov/authorities/subjects/sh2009125040</subfield></datafield><datafield ind1=' ' ind2='7' tag='650'><subfield code='a'>Relaciones hombre-mujer</subfield><subfield code='v'>Novela.</subfield><subfield code='2'>bidex</subfield></datafield><datafield ind1='1' ind2='7' tag='600'><subfield code='a'>Gardel, Carlos,</subfield><subfield code='d'>1890-1935</subfield><subfield code='2'>fast</subfield><subfield code='0'>(OCoLC)fst00117711</subfield></datafield><datafield ind1=' ' ind2='7' tag='650'><subfield code='a'>Entertainers.</subfield><subfield code='2'>fast</subfield><subfield code='0'>(OCoLC)fst00912655</subfield></datafield><datafield ind1=' ' ind2='7' tag='650'><subfield code='a'>Man-woman relationships.</subfield><subfield code='2'>fast</subfield><subfield code='0'>(OCoLC)fst01007080</subfield></datafield><datafield ind1=' ' ind2='7' tag='655'><subfield code='a'>Romance fiction.</subfield><subfield code='2'>lcgft</subfield><subfield code='0'>http://id.loc.gov/authorities/genreForms/gf2014026516</subfield></datafield><datafield ind1=' ' ind2='7' tag='655'><subfield code='a'>Fiction.</subfield><subfield code='2'>fast</subfield><subfield code='0'>(OCoLC)fst01423787</subfield></datafield><datafield ind1=' ' ind2='7' tag='655'><subfield code='a'>Romance fiction.</subfield><subfield code='2'>fast</subfield><subfield code='0'>(OCoLC)fst01921732</subfield></datafield><datafield ind1=' ' ind2='7' tag='655'><subfield code='a'>Fiction.</subfield><subfield code='2'>lcgft</subfield><subfield code='0'>http://id.loc.gov/authorities/genreForms/gf2014026339</subfield></datafield><datafield ind1=' ' ind2='7' tag='655'><subfield code='a'>Novels.</subfield><subfield code='2'>lcgft</subfield><subfield code='0'>http://id.loc.gov/authorities/genreForms/gf2015026020</subfield></datafield><datafield ind1=' ' ind2='0' tag='830'><subfield code='a'>Autores españoles e iberoamericanos</subfield></datafield><datafield ind1=' ' ind2=' ' tag='902'><subfield code='a'>rb</subfield><subfield code='b'>m</subfield><subfield code='6'>a</subfield><subfield code='7'>m</subfield><subfield code='d'>v</subfield><subfield code='f'>1</subfield><subfield code='e'>20170518</subfield></datafield><datafield ind1=' ' ind2=' ' tag='904'><subfield code='a'>rb</subfield><subfield code='b'>a</subfield><subfield code='h'>m</subfield><subfield code='c'>b</subfield><subfield code='e'>20170518</subfield></datafield><datafield ind1=' ' ind2=' ' tag='914'><subfield code='a'>(OCoLC)ocn930683815</subfield><subfield code='b'>OCoLC</subfield><subfield code='c'>match</subfield><subfield code='d'>20240710</subfield><subfield code='e'>processed</subfield><subfield code='f'>930683815</subfield></datafield><datafield ind1=' ' ind2=' ' tag='AVA'><subfield code='0'>99102442193506421</subfield><subfield code='8'>22634051300006421</subfield><subfield code='a'>01PRI_INST</subfield><subfield code='b'>firestone</subfield><subfield code='c'>Stacks</subfield><subfield code='d'>PQ7440.S26 A43 2015</subfield><subfield code='e'>available</subfield><subfield code='f'>1</subfield><subfield code='g'>0</subfield><subfield code='j'>stacks</subfield><subfield code='k'>0</subfield><subfield code='p'>1</subfield><subfield code='q'>Firestone Library</subfield></datafield></record>