
<record><leader>01463cam a2200325Ia 4500</leader><controlfield tag='001'>9995369383506421</controlfield><controlfield tag='005'>20251106053937.0</controlfield><controlfield tag='008'>080204s2006    nyua   f      000 0 eng d</controlfield><datafield ind1=' ' ind2=' ' tag='035'><subfield code='a'>(NjP)9536938-princetondb</subfield></datafield><datafield ind1=' ' ind2=' ' tag='035'><subfield code='z'>(NjP)Voyager9536938</subfield></datafield><datafield ind1=' ' ind2=' ' tag='035'><subfield code='a'>(OCoLC)ocn191805645</subfield></datafield><datafield ind1=' ' ind2=' ' tag='040'><subfield code='a'>RVE</subfield><subfield code='b'>eng</subfield><subfield code='c'>RVE</subfield><subfield code='d'>OCLCO</subfield><subfield code='d'>OCLCQ</subfield></datafield><datafield ind1=' ' ind2=' ' tag='043'><subfield code='a'>a-ja---</subfield></datafield><datafield ind1=' ' ind2='4' tag='050'><subfield code='a'>TR930</subfield><subfield code='b'>.B457 2006</subfield></datafield><datafield ind1='2' ind2=' ' tag='110'><subfield code='a'>Benridō.</subfield><subfield code='0'>http://id.loc.gov/authorities/names/nr95017113</subfield></datafield><datafield ind1='1' ind2='0' tag='245'><subfield code='a'>Benrido Collotype Atelier.</subfield></datafield><datafield ind1=' ' ind2=' ' tag='260'><subfield code='a'>New York, NY :</subfield><subfield code='b'>Benrido &amp; Fotosphere,</subfield><subfield code='c'>[2006?]</subfield></datafield><datafield ind1=' ' ind2=' ' tag='300'><subfield code='a'>8 unnumbered pages :</subfield><subfield code='b'>color illustrations ;</subfield><subfield code='c'>28 cm</subfield></datafield><datafield ind1=' ' ind2=' ' tag='336'><subfield code='a'>text</subfield><subfield code='b'>txt</subfield><subfield code='2'>rdacontent</subfield></datafield><datafield ind1=' ' ind2=' ' tag='337'><subfield code='a'>unmediated</subfield><subfield code='b'>n</subfield><subfield code='2'>rdamedia</subfield></datafield><datafield ind1=' ' ind2=' ' tag='338'><subfield code='a'>volume</subfield><subfield code='b'>nc</subfield><subfield code='2'>rdacarrier</subfield></datafield><datafield ind1=' ' ind2=' ' tag='500'><subfield code='a'>Issued as a promotional booklet for the Japanese printing company Benrido, located in Kyoto.</subfield></datafield><datafield ind1='0' ind2=' ' tag='505'><subfield code='a'>Collotype, picture of light -- Collotype and the preservation of cultural objects -- Photography and collotype -- Color collotype printing process -- The abbreviated chronological table of Benrido.</subfield></datafield><datafield ind1='2' ind2='0' tag='610'><subfield code='a'>Benridō</subfield><subfield code='x'>History.</subfield></datafield><datafield ind1=' ' ind2='0' tag='650'><subfield code='a'>Collotype.</subfield><subfield code='0'>http://id.loc.gov/authorities/subjects/sh85028459</subfield></datafield><datafield ind1=' ' ind2='0' tag='650'><subfield code='a'>Collotype</subfield><subfield code='x'>History.</subfield></datafield><datafield ind1=' ' ind2='0' tag='650'><subfield code='a'>Printing</subfield><subfield code='z'>Japan</subfield><subfield code='x'>History.</subfield><subfield code='0'>http://id.loc.gov/authorities/subjects/sh2010108282</subfield></datafield><datafield ind1=' ' ind2=' ' tag='902'><subfield code='a'>gls</subfield><subfield code='b'>m</subfield><subfield code='6'>a</subfield><subfield code='7'>m</subfield><subfield code='d'>v</subfield><subfield code='f'>1</subfield><subfield code='e'>20160212</subfield></datafield><datafield ind1=' ' ind2=' ' tag='904'><subfield code='a'>gls</subfield><subfield code='b'>g</subfield><subfield code='h'>m</subfield><subfield code='c'>b</subfield><subfield code='e'>20160211</subfield></datafield><datafield ind1=' ' ind2=' ' tag='914'><subfield code='a'>(OCoLC)ocn191805645</subfield><subfield code='b'>OCoLC</subfield><subfield code='c'>match</subfield><subfield code='d'>20251105</subfield><subfield code='e'>processed</subfield><subfield code='f'>191805645</subfield></datafield><datafield ind1=' ' ind2=' ' tag='AVA'><subfield code='0'>9995369383506421</subfield><subfield code='8'>22677868180006421</subfield><subfield code='a'>01PRI_INST</subfield><subfield code='b'>rare</subfield><subfield code='c'>Remote Storage (ReCAP): Graphic Arts. Special Collections Use Only</subfield><subfield code='d'>RECAP-94765599</subfield><subfield code='e'>available</subfield><subfield code='f'>1</subfield><subfield code='g'>0</subfield><subfield code='j'>xg</subfield><subfield code='k'>8</subfield><subfield code='p'>1</subfield><subfield code='q'>Special Collections</subfield></datafield></record>