
<record><leader>01173cam a22003137  4500</leader><controlfield tag='001'>9923353043506421</controlfield><controlfield tag='005'>20260617042302.0</controlfield><controlfield tag='008'>821122m18729999it            000 0 ita d</controlfield><datafield ind1=' ' ind2=' ' tag='035'><subfield code='9'>CKW9396TS</subfield></datafield><datafield ind1=' ' ind2=' ' tag='035'><subfield code='a'>(NjP)2335304-princetondb</subfield></datafield><datafield ind1=' ' ind2=' ' tag='035'><subfield code='z'>(NjP)Voyager2335304</subfield></datafield><datafield ind1=' ' ind2=' ' tag='035'><subfield code='a'>(OCoLC)8978870</subfield></datafield><datafield ind1=' ' ind2=' ' tag='040'><subfield code='a'>SOI</subfield><subfield code='b'>eng</subfield><subfield code='c'>SOI</subfield><subfield code='d'>PUL</subfield></datafield><datafield ind1=' ' ind2='4' tag='050'><subfield code='a'>GR175</subfield></datafield><datafield ind1=' ' ind2=' ' tag='092'><subfield code='a'>398.09458</subfield><subfield code='b'>P686b</subfield></datafield><datafield ind1='1' ind2=' ' tag='100'><subfield code='a'>Pitrè, Giuseppe,</subfield><subfield code='d'>1841-1916</subfield><subfield code='e'>editor.</subfield><subfield code='0'>http://id.loc.gov/authorities/names/n80093341</subfield></datafield><datafield ind1='1' ind2='0' tag='245'><subfield code='a'>Biblioteca delle tradizioni popolari siciliane.</subfield></datafield><datafield ind1=' ' ind2=' ' tag='260'><subfield code='a'>[Palermo,</subfield><subfield code='b'>L. Pedone-Lauriel,</subfield><subfield code='c'>1872-19</subfield></datafield><datafield ind1=' ' ind2=' ' tag='300'><subfield code='a'>v.</subfield></datafield><datafield ind1=' ' ind2=' ' tag='500'><subfield code='a'>Half-title.</subfield></datafield><datafield ind1=' ' ind2=' ' tag='500'><subfield code='a'>Imprint of special title-pages varies.</subfield></datafield><datafield ind1=' ' ind2='0' tag='650'><subfield code='a'>Folklore</subfield><subfield code='z'>Italy</subfield><subfield code='z'>Sicily.</subfield></datafield><datafield ind1=' ' ind2='6' tag='650'><subfield code='a'>Folklore</subfield><subfield code='z'>Italie</subfield><subfield code='z'>Sicile.</subfield></datafield><datafield ind1=' ' ind2='7' tag='650'><subfield code='a'>Folklore.</subfield><subfield code='2'>fast</subfield><subfield code='0'>(OCoLC)fst00930306</subfield></datafield><datafield ind1=' ' ind2='7' tag='651'><subfield code='a'>Italy</subfield><subfield code='z'>Sicily.</subfield><subfield code='2'>fast</subfield><subfield code='0'>(OCoLC)fst01204499</subfield></datafield><datafield ind1=' ' ind2=' ' tag='911'><subfield code='a'>19990626</subfield></datafield><datafield ind1=' ' ind2=' ' tag='914'><subfield code='a'>(OCoLC)ocm08978870</subfield><subfield code='b'>OCoLC</subfield><subfield code='c'>match</subfield><subfield code='d'>20240828</subfield><subfield code='e'>processed</subfield><subfield code='f'>8978870</subfield></datafield><datafield ind1=' ' ind2=' ' tag='916'><subfield code='a'>2026-03-12</subfield><subfield code='b'>(OCoLC)8978870</subfield><subfield code='c'>New collection customer.1791.allpul</subfield><subfield code='d'>9923353043506421</subfield><subfield code='e'>WorldShare Record Update</subfield><subfield code='f'>processed</subfield></datafield><datafield ind1=' ' ind2=' ' tag='945'><subfield code='a'>ANXA</subfield><subfield code='b'>1</subfield><subfield code='c'>GR175</subfield><subfield code='d'>.P68</subfield><subfield code='e'>v.1-21, 24-25</subfield></datafield><datafield ind1=' ' ind2=' ' tag='AVA'><subfield code='0'>9923353043506421</subfield><subfield code='8'>22596087720006421</subfield><subfield code='a'>01PRI_INST</subfield><subfield code='b'>recap</subfield><subfield code='c'>Remote Storage</subfield><subfield code='d'>GR175 .P68</subfield><subfield code='e'>available</subfield><subfield code='f'>23</subfield><subfield code='g'>0</subfield><subfield code='j'>pa</subfield><subfield code='k'>0</subfield><subfield code='p'>1</subfield><subfield code='q'>ReCAP</subfield><subfield code='t'>v.1-21, 24-25</subfield></datafield><datafield ind1=' ' ind2=' ' tag='AVE'><subfield code='8'>53881632760006421</subfield><subfield code='e'>Available</subfield><subfield code='l'>online</subfield><subfield code='a'>01PRI_INST</subfield><subfield code='0'>9923353043506421</subfield></datafield></record>