
<record><leader>01001cam a2200289 a 4500</leader><controlfield tag='001'>9947279663506421</controlfield><controlfield tag='005'>20240718052912.0</controlfield><controlfield tag='008'>060512s2005    pr            000 p spa d</controlfield><datafield ind1=' ' ind2=' ' tag='010'><subfield code='a'>2005929591</subfield></datafield><datafield ind1=' ' ind2=' ' tag='020'><subfield code='a'>1881748383</subfield></datafield><datafield ind1=' ' ind2=' ' tag='020'><subfield code='a'>9781881748380</subfield></datafield><datafield ind1=' ' ind2=' ' tag='035'><subfield code='a'>(NjP)4727966-princetondb</subfield></datafield><datafield ind1=' ' ind2=' ' tag='035'><subfield code='z'>(NjP)Voyager4727966</subfield></datafield><datafield ind1=' ' ind2=' ' tag='035'><subfield code='a'>(OCoLC)ocm69173800</subfield></datafield><datafield ind1=' ' ind2=' ' tag='040'><subfield code='a'>PBR</subfield><subfield code='b'>eng</subfield><subfield code='c'>PBR</subfield><subfield code='d'>TJC</subfield><subfield code='d'>BAKER</subfield><subfield code='d'>PIT</subfield><subfield code='d'>BTCTA</subfield></datafield><datafield ind1=' ' ind2=' ' tag='090'><subfield code='a'>PQ7440.S26</subfield><subfield code='b'>B638 2005</subfield></datafield><datafield ind1='1' ind2=' ' tag='100'><subfield code='a'>Santos-Febres, Mayra,</subfield><subfield code='d'>1966-</subfield><subfield code='0'>http://id.loc.gov/authorities/names/n97008809</subfield></datafield><datafield ind1='1' ind2='0' tag='245'><subfield code='a'>Boat people /</subfield><subfield code='c'>Mayra Santos-Febres.</subfield></datafield><datafield ind1=' ' ind2=' ' tag='260'><subfield code='a'>San Juan, P.R. :</subfield><subfield code='b'>Ediciones Callejón,</subfield><subfield code='c'>c2005.</subfield></datafield><datafield ind1=' ' ind2=' ' tag='300'><subfield code='a'>50 p. ;</subfield><subfield code='c'>20 cm.</subfield></datafield><datafield ind1=' ' ind2='3' tag='440'><subfield code='a'>El Farolito azul</subfield></datafield><datafield ind1=' ' ind2=' ' tag='500'><subfield code='a'>Poems.</subfield></datafield><datafield ind1=' ' ind2='7' tag='655'><subfield code='a'>Poetry.</subfield><subfield code='2'>lcgft</subfield><subfield code='0'>http://id.loc.gov/authorities/genreForms/gf2014026481</subfield></datafield><datafield ind1=' ' ind2=' ' tag='902'><subfield code='a'>of</subfield><subfield code='b'>m</subfield><subfield code='6'>a</subfield><subfield code='7'>m</subfield><subfield code='d'>v</subfield><subfield code='f'>1</subfield><subfield code='e'>20070817</subfield></datafield><datafield ind1=' ' ind2=' ' tag='904'><subfield code='a'>lr</subfield><subfield code='b'>o</subfield><subfield code='h'>n</subfield><subfield code='c'>b</subfield><subfield code='e'>20060512</subfield></datafield><datafield ind1=' ' ind2=' ' tag='914'><subfield code='a'>(OCoLC)ocm69173800</subfield><subfield code='b'>OCoLC</subfield><subfield code='c'>match</subfield><subfield code='d'>20240710</subfield><subfield code='e'>processed</subfield><subfield code='f'>69173800</subfield></datafield><datafield ind1=' ' ind2=' ' tag='999'><subfield code='a'>4727966</subfield></datafield><datafield ind1=' ' ind2=' ' tag='AVA'><subfield code='0'>9947279663506421</subfield><subfield code='8'>22509877350006421</subfield><subfield code='a'>01PRI_INST</subfield><subfield code='b'>recap</subfield><subfield code='c'>Remote Storage</subfield><subfield code='d'>PQ7440.S26 B638 2005</subfield><subfield code='e'>unavailable</subfield><subfield code='f'>1</subfield><subfield code='g'>1</subfield><subfield code='j'>pa</subfield><subfield code='k'>0</subfield><subfield code='p'>1</subfield><subfield code='q'>ReCAP</subfield></datafield></record>