
<record><leader>01806cam a2200445   4500</leader><controlfield tag='001'>9916017613506421</controlfield><controlfield tag='005'>20260619175036.0</controlfield><controlfield tag='008'>720707r19721918nyu           000 1 eng^^</controlfield><datafield ind1=' ' ind2=' ' tag='010'><subfield code='a'>72006079</subfield></datafield><datafield ind1=' ' ind2=' ' tag='019'><subfield code='a'>1034977467</subfield><subfield code='a'>1083396396</subfield></datafield><datafield ind1=' ' ind2=' ' tag='020'><subfield code='a'>0836942132</subfield></datafield><datafield ind1=' ' ind2=' ' tag='020'><subfield code='a'>9780836942132</subfield></datafield><datafield ind1=' ' ind2=' ' tag='035'><subfield code='9'>CFB0714TS</subfield></datafield><datafield ind1=' ' ind2=' ' tag='035'><subfield code='a'>(NjP)1601761-princetondb</subfield></datafield><datafield ind1=' ' ind2=' ' tag='035'><subfield code='z'>(NjP)Voyager1601761</subfield></datafield><datafield ind1=' ' ind2=' ' tag='035'><subfield code='a'>(OCoLC)363621</subfield></datafield><datafield ind1=' ' ind2=' ' tag='035'><subfield code='a'>(OCoLC)363621</subfield></datafield><datafield ind1=' ' ind2=' ' tag='040'><subfield code='a'>DLC</subfield><subfield code='b'>eng</subfield><subfield code='c'>DLC</subfield><subfield code='d'>PUL</subfield></datafield><datafield ind1='0' ind2='0' tag='050'><subfield code='a'>PR6007.U6</subfield><subfield code='b'>B6 1972</subfield></datafield><datafield ind1='0' ind2='0' tag='082'><subfield code='a'>823/.9/12</subfield></datafield><datafield ind1='1' ind2=' ' tag='100'><subfield code='a'>Dunsany,</subfield><subfield code='c'>Lord,</subfield><subfield code='d'>1878-1957.</subfield><subfield code='0'>http://id.loc.gov/authorities/names/n80005394</subfield></datafield><datafield ind1='1' ind2='4' tag='245'><subfield code='a'>The book of wonder.</subfield></datafield><datafield ind1=' ' ind2=' ' tag='260'><subfield code='a'>Freeport, N.Y.,</subfield><subfield code='b'>Books for Libraries Press</subfield><subfield code='c'>[1972]</subfield></datafield><datafield ind1=' ' ind2=' ' tag='300'><subfield code='a'>v, 234 p.</subfield><subfield code='c'>22 cm.</subfield></datafield><datafield ind1='1' ind2=' ' tag='490'><subfield code='a'>Short story index reprint series</subfield></datafield><datafield ind1=' ' ind2=' ' tag='500'><subfield code='a'>Reprint of the 1918 ed. published by Boni and Liveright, New York.</subfield></datafield><datafield ind1=' ' ind2='7' tag='655'><subfield code='a'>Fiction.</subfield><subfield code='2'>lcgft</subfield><subfield code='0'>http://id.loc.gov/authorities/genreForms/gf2014026339</subfield></datafield><datafield ind1=' ' ind2='7' tag='648'><subfield code='a'>1900-1999</subfield><subfield code='2'>fast</subfield></datafield><datafield ind1=' ' ind2='0' tag='650'><subfield code='a'>Short stories, Irish</subfield><subfield code='y'>20th century.</subfield></datafield><datafield ind1=' ' ind2='0' tag='650'><subfield code='a'>Short stories, English</subfield><subfield code='y'>20th century.</subfield></datafield><datafield ind1=' ' ind2='6' tag='650'><subfield code='a'>Nouvelles anglaises</subfield><subfield code='y'>20e siècle.</subfield></datafield><datafield ind1=' ' ind2='6' tag='650'><subfield code='a'>Nouvelles irlandaises</subfield><subfield code='y'>20e siècle.</subfield></datafield><datafield ind1=' ' ind2='7' tag='650'><subfield code='a'>Short stories, English</subfield><subfield code='2'>fast</subfield></datafield><datafield ind1=' ' ind2='7' tag='650'><subfield code='a'>Fantasy fiction, English</subfield><subfield code='2'>fast</subfield></datafield><datafield ind1=' ' ind2='0' tag='830'><subfield code='a'>Short story index reprint series.</subfield><subfield code='0'>http://id.loc.gov/authorities/names/n83708198</subfield></datafield><datafield ind1=' ' ind2=' ' tag='911'><subfield code='a'>19990626</subfield></datafield><datafield ind1=' ' ind2=' ' tag='914'><subfield code='a'>(OCoLC)ocm00363621</subfield><subfield code='b'>OCoLC</subfield><subfield code='c'>match</subfield><subfield code='d'>20240501</subfield><subfield code='e'>processed</subfield><subfield code='f'>363621</subfield></datafield><datafield ind1=' ' ind2=' ' tag='916'><subfield code='a'>2026-03-12</subfield><subfield code='b'>(OCoLC)363621</subfield><subfield code='c'>New collection customer.1791.allpul</subfield><subfield code='d'>9916017613506421</subfield><subfield code='e'>WorldShare Record Update</subfield><subfield code='f'>processed</subfield></datafield><datafield ind1=' ' ind2=' ' tag='916'><subfield code='a'>2026-03-12</subfield><subfield code='b'>(OCoLC)363621</subfield><subfield code='c'>New collection customer.1791.allpul</subfield><subfield code='d'>9916017613506421</subfield><subfield code='e'>WorldShare Record Update</subfield><subfield code='f'>processed</subfield></datafield><datafield ind1=' ' ind2=' ' tag='947'><subfield code='a'>CFB0714</subfield></datafield><datafield ind1=' ' ind2=' ' tag='AVA'><subfield code='0'>9916017613506421</subfield><subfield code='8'>22533365550006421</subfield><subfield code='a'>01PRI_INST</subfield><subfield code='b'>annex</subfield><subfield code='c'>A</subfield><subfield code='d'>PR6007.U6B6.1972</subfield><subfield code='e'>available</subfield><subfield code='f'>1</subfield><subfield code='g'>0</subfield><subfield code='j'>fst</subfield><subfield code='k'>0</subfield><subfield code='p'>1</subfield><subfield code='q'>Forrestal Annex</subfield></datafield></record>