
<record><leader>01303namZa2200169zZZ4500</leader><controlfield tag='001'>99125196339706421</controlfield><controlfield tag='005'>20200501002127.0</controlfield><controlfield tag='008'>200210u1918uuuuuuuuu-|-o----u|----|eng-d</controlfield><datafield ind1=' ' ind2=' ' tag='035'><subfield code='a'>(CKB)4100000010138708</subfield></datafield><datafield ind1=' ' ind2=' ' tag='035'><subfield code='a'>(VLeBooks)9781443414524</subfield></datafield><datafield ind1=' ' ind2=' ' tag='035'><subfield code='a'>(EXLCZ)994100000010138708</subfield></datafield><datafield ind1=' ' ind2=' ' tag='100'><subfield code='a'>Dunsany, Lord</subfield></datafield><datafield ind1=' ' ind2=' ' tag='245'><subfield code='a'>Book of Wonder</subfield></datafield><datafield ind1=' ' ind2=' ' tag='260'><subfield code='b'>Boni &amp; Liveright</subfield></datafield><datafield ind1=' ' ind2=' ' tag='300'><subfield code='a'>1 online resource (75 p.)</subfield></datafield><datafield ind1=' ' ind2=' ' tag='520'><subfield code='a'>Widely documented as an influence on J.R.R. Tolkien&apos;s own writing, The book of wonder is a collection of short stories penned by renowned Irish fantasy writer Lord Dunsany (Edward J.M.D. Plunkett), the 18th Baron of Dunsany. Filled with magic, intrigue, and adventure, The book of wonder is a must-read for fantasy enthusiasts of all ages.</subfield></datafield><datafield ind1='0' ind2=' ' tag='505'><subfield code='a'>Preface -- The Bride of the Man-Horse -- Distressing Tale of Thangobrind The Jeweller -- The House of the Sphinx -- Probable Adventure of the Three Literary Men -- The Injudicious Prayers of Pombo the Idolater -- The Loot of Bombasharna -- Miss Cubbidge and the Dragon Of Romance -- The Quest of the Queen&apos;s Tears -- The Hoard of the Gibbelins -- How Nuth Would Have Practised His Art Upon the Gnoles -- How One Came, As Was Foretold, to the City Of Never -- The Coronation of Mr. Thomas Shap -- Chu-Bu and Sheemish -- The Wonderful Window -- Epilogue.</subfield></datafield><datafield ind1=' ' ind2='0' tag='650'><subfield code='a'>Fantasy fiction, English.</subfield></datafield><datafield ind1=' ' ind2=' ' tag='776'><subfield code='z'>1-4434-1452-2</subfield></datafield><datafield ind1=' ' ind2=' ' tag='906'><subfield code='a'>BOOK</subfield></datafield><datafield ind1=' ' ind2=' ' tag='AVE'><subfield code='8'>53773350110006421</subfield><subfield code='c'>61753492160006421</subfield><subfield code='e'>Available</subfield><subfield code='m'>Literary Reference Source</subfield><subfield code='t'>EBSCOhost</subfield><subfield code='a'>01PRI_INST</subfield><subfield code='0'>99125196339706421</subfield></datafield></record>