
<record><leader>03003cam a22003253u 4500</leader><controlfield tag='001'>99131486549806421</controlfield><controlfield tag='006'>m</controlfield><controlfield tag='007'>cr n</controlfield><controlfield tag='008'>250325r####||||utu|||||o|||||||||||eng d</controlfield><datafield ind1=' ' ind2=' ' tag='035'><subfield code='a'>(Gutenberg)7477</subfield></datafield><datafield ind1=' ' ind2=' ' tag='035'><subfield code='a'>(UtSlPG)7477</subfield></datafield><datafield ind1=' ' ind2=' ' tag='035'><subfield code='a'>(CKB)38615100300041</subfield></datafield><datafield ind1=' ' ind2=' ' tag='035'><subfield code='a'>(EXLCZ)9938615100300041</subfield></datafield><datafield ind1=' ' ind2=' ' tag='040'><subfield code='a'>UtSlPG</subfield></datafield><datafield ind1=' ' ind2='7' tag='041'><subfield code='a'>en</subfield><subfield code='2'>iso639-1</subfield></datafield><datafield ind1=' ' ind2='4' tag='050'><subfield code='a'>PR</subfield></datafield><datafield ind1='1' ind2=' ' tag='100'><subfield code='a'>Dunsany, Lord,</subfield><subfield code='d'>1878-1957</subfield></datafield><datafield ind1='1' ind2='4' tag='245'><subfield code='a'>The Book of Wonder</subfield></datafield><datafield ind1=' ' ind2='1' tag='264'><subfield code='a'>Salt Lake City, UT :</subfield><subfield code='b'>Project Gutenberg,</subfield></datafield><datafield ind1=' ' ind2=' ' tag='300'><subfield code='a'>1 online resource :</subfield><subfield code='b'>multiple file formats</subfield></datafield><datafield ind1=' ' ind2=' ' tag='336'><subfield code='a'>text</subfield><subfield code='b'>txt</subfield><subfield code='2'>rdacontent</subfield></datafield><datafield ind1=' ' ind2=' ' tag='337'><subfield code='a'>computer</subfield><subfield code='b'>c</subfield><subfield code='2'>rdamedia</subfield></datafield><datafield ind1=' ' ind2=' ' tag='338'><subfield code='a'>online resource</subfield><subfield code='b'>cr</subfield><subfield code='2'>rdacarrier</subfield></datafield><datafield ind1=' ' ind2=' ' tag='500'><subfield code='a'>Wikipedia page about this book: https://en.wikipedia.org/wiki/The_Book_of_Wonder</subfield></datafield><datafield ind1=' ' ind2=' ' tag='500'><subfield code='a'>Reading ease score: 66.3 (8th &amp; 9th grade). Neither easy nor difficult to read.</subfield></datafield><datafield ind1=' ' ind2=' ' tag='500'><subfield code='a'>Release date is 2005-02-01</subfield></datafield><datafield ind1='0' ind2=' ' tag='505'><subfield code='a'>Preface -- The Bride of the Man-Horse -- Distressing Tale of Thangobrind The Jeweller -- The House of the Sphinx -- Probable Adventure of the Three Literary Men -- The Injudicious Prayers of Pombo the Idolater -- The Loot of Bombasharna -- Miss Cubbidge and the Dragon Of Romance -- The Quest of the Queen&apos;s Tears -- The Hoard of the Gibbelins -- How Nuth Would Have Practised His Art Upon the Gnoles -- How One Came, As Was Foretold, to the City Of Never -- The Coronation of Mr. Thomas Shap -- Chu-Bu and Sheemish -- The Wonderful Window -- Epilogue.</subfield></datafield><datafield ind1=' ' ind2=' ' tag='508'><subfield code='a'>Produced by Suzanne Shell, Charles Bidwell and the Online Distributed Proofreading Team. HTML version produced by Chuck Greif.</subfield></datafield><datafield ind1=' ' ind2=' ' tag='520'><subfield code='a'>&quot;The Book of Wonder&quot; by Lord Dunsany is a collection of short stories written in the early 20th century. The stories are set in fantastical landscapes and explore themes of mythology, adventure, and the extraordinary, often featuring magical creatures and intriguing characters. Each tale delves into imaginative realms, beckoning readers to embark on adventures filled with wonder and the unknown.  At the start of the book, the opening preface invites readers to escape the mundanity of their world for new and enchanting experiences. The first story, &quot;The Bride of the Man-Horse,&quot; introduces Shepperalk, a centaur on the cusp of a significant change in his life as he leaves his home in the mountains to find Zretazoola, a legendary city. As he gallops joyously over the plains, his extraordinary nature begins to meld with human desires, hinting at an epic quest. The narrative captures the thrill of adventure and the inherent tension between mythical beings and the world of men, setting the stage for the magical escapades to follow. The subsequent sections promise a blend of humor and darkness, exploring the lives of jewel thieves, literary evildoers, and other fascinating characters trapped in a realm where the boundaries of reality blur into imagination. (This is an automatically generated summary.)</subfield></datafield><datafield ind1=' ' ind2=' ' tag='534'><subfield code='n'>Original publication data not identified</subfield></datafield><datafield ind1=' ' ind2=' ' tag='653'><subfield code='a'>Fantasy fiction, English</subfield></datafield><datafield ind1=' ' ind2=' ' tag='AVE'><subfield code='8'>53766503520006421</subfield><subfield code='c'>61753481190006421</subfield><subfield code='e'>Available</subfield><subfield code='m'>Project Gutenberg Online Catalog</subfield><subfield code='t'>Project Gutenberg</subfield><subfield code='a'>01PRI_INST</subfield><subfield code='0'>99131486549806421</subfield></datafield></record>