
<record><leader>01582cam a2200313 i 4500</leader><controlfield tag='001'>9943069663506421</controlfield><controlfield tag='005'>20251106051459.0</controlfield><controlfield tag='008'>781026s1912    enka          000 1 eng d</controlfield><datafield ind1=' ' ind2=' ' tag='035'><subfield code='a'>(MH)MHAZV67052HU</subfield></datafield><datafield ind1=' ' ind2=' ' tag='035'><subfield code='a'>(CStRLIN)MAHGAZV67052-B</subfield></datafield><datafield ind1=' ' ind2=' ' tag='035'><subfield code='a'>(NjP)4306966-princetondb</subfield></datafield><datafield ind1=' ' ind2=' ' tag='035'><subfield code='z'>(NjP)Voyager4306966</subfield></datafield><datafield ind1=' ' ind2=' ' tag='035'><subfield code='z'>(NjP)Voyager4306966</subfield></datafield><datafield ind1=' ' ind2=' ' tag='035'><subfield code='a'>(OCoLC)ocm04321513</subfield></datafield><datafield ind1=' ' ind2=' ' tag='040'><subfield code='a'>ICarbS</subfield><subfield code='b'>eng</subfield><subfield code='c'>ICarbS</subfield><subfield code='d'>OCoLC</subfield><subfield code='d'>MH-H</subfield><subfield code='d'>CStRLIN</subfield><subfield code='d'>NjP</subfield></datafield><datafield ind1=' ' ind2='4' tag='050'><subfield code='a'>PR6007.U6</subfield></datafield><datafield ind1='1' ind2=' ' tag='100'><subfield code='a'>Dunsany,</subfield><subfield code='c'>Lord,</subfield><subfield code='d'>1878-1957.</subfield><subfield code='0'>http://id.loc.gov/authorities/names/n80005394</subfield></datafield><datafield ind1='1' ind2='4' tag='245'><subfield code='a'>The book of wonder :</subfield><subfield code='b'>a chronicle of little adventures at the edge of the world /</subfield><subfield code='c'>by Lord Dunsany ; with illustrations by S. H. Sime.</subfield></datafield><datafield ind1=' ' ind2=' ' tag='260'><subfield code='a'>London :</subfield><subfield code='b'>William Heinemann,</subfield><subfield code='c'>1912.</subfield></datafield><datafield ind1=' ' ind2=' ' tag='300'><subfield code='a'>xi, 97, [2] p., [10] leaves of plates :</subfield><subfield code='b'>ill. ;</subfield><subfield code='c'>22 cm.</subfield></datafield><datafield ind1=' ' ind2=' ' tag='500'><subfield code='a'>Twelve of the tales, many in abbreviated form, appeared in the Sketch as &quot;Episodes from the book of wonder&quot;; two are reprinted from the Saturday review. Cf. Acknowledgements.</subfield></datafield><datafield ind1=' ' ind2=' ' tag='541'><subfield code='a'>Ex copy is gift of Leonard L. Milberg &apos;53 in honor of Paul Muldoon.</subfield><subfield code='5'>NjP</subfield></datafield><datafield ind1=' ' ind2='7' tag='655'><subfield code='a'>Fiction.</subfield><subfield code='2'>lcgft</subfield><subfield code='0'>http://id.loc.gov/authorities/genreForms/gf2014026339</subfield></datafield><datafield ind1='1' ind2=' ' tag='700'><subfield code='a'>Sime, Sidney Herbert,</subfield><subfield code='d'>1867-1941,</subfield><subfield code='e'>ill.</subfield><subfield code='0'>http://id.loc.gov/authorities/names/n92053281</subfield></datafield><datafield ind1='2' ind2=' ' tag='710'><subfield code='a'>Leonard L. Milberg Irish Theater Collection</subfield><subfield code='5'>NjP</subfield><subfield code='0'>http://id.loc.gov/authorities/names/no2004006143</subfield></datafield><datafield ind1=' ' ind2=' ' tag='902'><subfield code='a'>gls</subfield><subfield code='b'>m</subfield><subfield code='6'>a</subfield><subfield code='7'>m</subfield><subfield code='d'>v</subfield><subfield code='f'>1</subfield><subfield code='e'>20050105</subfield></datafield><datafield ind1=' ' ind2=' ' tag='904'><subfield code='a'>gls</subfield><subfield code='b'>g</subfield><subfield code='h'>m</subfield><subfield code='c'>b</subfield><subfield code='e'>20050105</subfield></datafield><datafield ind1=' ' ind2=' ' tag='914'><subfield code='a'>(OCoLC)ocm04321513</subfield><subfield code='b'>OCoLC</subfield><subfield code='c'>match</subfield><subfield code='d'>20251105</subfield><subfield code='e'>processed</subfield><subfield code='f'>4321513</subfield></datafield><datafield ind1=' ' ind2=' ' tag='998'><subfield code='s'>9115</subfield></datafield><datafield ind1=' ' ind2=' ' tag='AVA'><subfield code='0'>9943069663506421</subfield><subfield code='8'>22529974690006421</subfield><subfield code='a'>01PRI_INST</subfield><subfield code='b'>rare</subfield><subfield code='c'>Rare Books</subfield><subfield code='d'>2004-4310N</subfield><subfield code='e'>available</subfield><subfield code='f'>1</subfield><subfield code='g'>0</subfield><subfield code='j'>ex</subfield><subfield code='k'>8</subfield><subfield code='p'>1</subfield><subfield code='q'>Special Collections</subfield></datafield></record>