
<record><leader>02912nam  2200541 i 4500</leader><controlfield tag='001'>99125349806506421</controlfield><controlfield tag='005'>20241107102039.0</controlfield><controlfield tag='006'>m     o  d |</controlfield><controlfield tag='007'>cr#-n---------</controlfield><controlfield tag='008'>160329t20152015nyuac   oi    001 0 eng d</controlfield><datafield ind1=' ' ind2=' ' tag='020'><subfield code='a'>1-78310-795-2</subfield></datafield><datafield ind1=' ' ind2=' ' tag='035'><subfield code='a'>(CKB)3710000000485814</subfield></datafield><datafield ind1=' ' ind2=' ' tag='035'><subfield code='a'>(EBL)4085260</subfield></datafield><datafield ind1=' ' ind2=' ' tag='035'><subfield code='a'>(SSID)ssj0001554790</subfield></datafield><datafield ind1=' ' ind2=' ' tag='035'><subfield code='a'>(PQKBManifestationID)16178494</subfield></datafield><datafield ind1=' ' ind2=' ' tag='035'><subfield code='a'>(PQKBTitleCode)TC0001554790</subfield></datafield><datafield ind1=' ' ind2=' ' tag='035'><subfield code='a'>(PQKBWorkID)14817350</subfield></datafield><datafield ind1=' ' ind2=' ' tag='035'><subfield code='a'>(PQKB)10870179</subfield></datafield><datafield ind1=' ' ind2=' ' tag='035'><subfield code='a'>(MiAaPQ)EBC4357211</subfield></datafield><datafield ind1=' ' ind2=' ' tag='035'><subfield code='a'>(Au-PeEL)EBL4357211</subfield></datafield><datafield ind1=' ' ind2=' ' tag='035'><subfield code='a'>(CaPaEBR)ebr11168539</subfield></datafield><datafield ind1=' ' ind2=' ' tag='035'><subfield code='a'>(OCoLC)936299836</subfield></datafield><datafield ind1=' ' ind2=' ' tag='035'><subfield code='a'>(ODN)ODN0002406864</subfield></datafield><datafield ind1=' ' ind2=' ' tag='035'><subfield code='a'>(EXLCZ)993710000000485814</subfield></datafield><datafield ind1=' ' ind2=' ' tag='040'><subfield code='a'>MiAaPQ</subfield><subfield code='b'>eng</subfield><subfield code='e'>rda</subfield><subfield code='e'>pn</subfield><subfield code='c'>MiAaPQ</subfield><subfield code='d'>MiAaPQ</subfield></datafield><datafield ind1=' ' ind2=' ' tag='041'><subfield code='a'>eng</subfield></datafield><datafield ind1=' ' ind2=' ' tag='043'><subfield code='a'>a------</subfield></datafield><datafield ind1=' ' ind2='4' tag='050'><subfield code='a'>G370</subfield><subfield code='b'>.P656 2015</subfield></datafield><datafield ind1='0' ind2=' ' tag='082'><subfield code='a'>915.04/2</subfield><subfield code='2'>3</subfield></datafield><datafield ind1=' ' ind2=' ' tag='084'><subfield code='a'>ART015070</subfield><subfield code='a'>ART019000</subfield><subfield code='a'>ART050000</subfield><subfield code='2'>bisacsh</subfield></datafield><datafield ind1='1' ind2=' ' tag='100'><subfield code='a'>Polo, Marco,</subfield><subfield code='d'>1254-1323?,</subfield><subfield code='e'>author.</subfield></datafield><datafield ind1='1' ind2='4' tag='245'><subfield code='a'>The book of wonder /</subfield><subfield code='c'>Marco Polo ; with an introduction by John Masefield.</subfield></datafield><datafield ind1=' ' ind2=' ' tag='250'><subfield code='a'>1st ed.</subfield></datafield><datafield ind1=' ' ind2=' ' tag='260'><subfield code='c'>2015.</subfield></datafield><datafield ind1=' ' ind2='1' tag='264'><subfield code='a'>New York, [New York] :</subfield><subfield code='b'>Parkstone International,</subfield><subfield code='c'>[2015]</subfield></datafield><datafield ind1=' ' ind2='4' tag='264'><subfield code='c'>©[2015]</subfield></datafield><datafield ind1=' ' ind2=' ' tag='300'><subfield code='a'>1 online resource (256 p.)</subfield></datafield><datafield ind1=' ' ind2=' ' tag='336'><subfield code='a'>text</subfield><subfield code='b'>txt</subfield></datafield><datafield ind1=' ' ind2=' ' tag='337'><subfield code='a'>computer</subfield><subfield code='b'>c</subfield></datafield><datafield ind1=' ' ind2=' ' tag='338'><subfield code='a'>online resource</subfield><subfield code='b'>cr</subfield></datafield><datafield ind1=' ' ind2=' ' tag='546'><subfield code='a'>English</subfield></datafield><datafield ind1=' ' ind2=' ' tag='500'><subfield code='a'>Includes index.</subfield></datafield><datafield ind1=' ' ind2=' ' tag='588'><subfield code='a'>Description based on print version record.</subfield></datafield><datafield ind1='0' ind2=' ' tag='505'><subfield code='a'>Intro -- Prologue &amp;amp -- Itinerary -- PROLOGUE -- ITINERARY -- Book I -- CHAPTER 1 -- CHAPTER 2 -- CHAPTER 3 -- CHAPTER 4 -- CHAPTER 5 -- CHAPTER 6 -- CHAPTER 7 -- CHAPTER 8 -- CHAPTER 9 -- CHAPTER 10 -- CHAPTER 11 -- CHAPTER 12 -- CHAPTER 13 -- CHAPTER 14 -- CHAPTER 15 -- CHAPTER 16 -- CHAPTER 17 -- CHAPTER 18 -- CHAPTER 19 -- CHAPTER 20 -- CHAPTER 21 -- CHAPTER 22 -- CHAPTER 23 -- CHAPTER 24 -- CHAPTER 25 -- CHAPTER 26 -- CHAPTER 27 -- CHAPTER 28 -- CHAPTER 29 -- CHAPTER 30 -- Book II. -- CHAPTER 31 -- CHAPTER 32 -- CHAPTER 33 -- CHAPTER 34 -- CHAPTER 35 -- CHAPTER 36 -- CHAPTER 37 -- CHAPTER 38 -- CHAPTER 39 -- CHAPTER 40 -- CHAPTER 41 -- CHAPTER 42 -- CHAPTER 43 -- CHAPTER 44 -- CHAPTER 45 -- CHAPTER 46 -- CHAPTER 47 -- CHAPTER 48 -- CHAPTER 49 -- CHAPTER 50 -- CHAPTER 51 -- CHAPTER 52 -- CHAPTER 53 -- CHAPTER 54 -- CHAPTER 55 -- CHAPTER 56 -- Book III -- CHAPTER 57 -- CHAPTER 58 -- CHAPTER 59 -- CHAPTER 60 -- CHAPTER 61 -- CHAPTER 62 -- CHAPTER 63 -- CHAPTER 64 -- CHAPTER 65 -- CHAPTER 66 -- CHAPTER 67 -- CHAPTER 68 -- CHAPTER 69 -- CHAPTER 70 -- CHAPTER 71 -- CHAPTER 72 -- CHAPTER 73 -- CHAPTER 74 -- CHAPTER 75 -- CHAPTER 76 -- CHAPTER 77 -- CHAPTER 78 -- CHAPTER 79 -- CHAPTER 80 -- CHAPTER 81 -- CHAPTER 82 -- Conclusion -- Index.</subfield></datafield><datafield ind1=' ' ind2=' ' tag='520'><subfield code='a'>The most renowned travel story of the Middle Ages has never lost its allure. A story of true wonder, Marco Polo&apos;s experiences as well as the reported myths, transport us to the heart of Central Asia, China, Indochina, and the Indian Ocean. The original manuscripts were accompanied with illustrations realised from the few descriptions made by the traveller. Following in the footsteps of Marco Polo, the various illustrations found here will send the reader on the path to discovering the distant lands as we know them today.</subfield></datafield><datafield ind1=' ' ind2='0' tag='650'><subfield code='a'>Voyages and travels.</subfield></datafield><datafield ind1=' ' ind2='0' tag='650'><subfield code='a'>Mongols</subfield><subfield code='x'>History.</subfield></datafield><datafield ind1=' ' ind2='0' tag='651'><subfield code='a'>Asia</subfield><subfield code='x'>Description and travel</subfield><subfield code='v'>Early works to 1800.</subfield></datafield><datafield ind1='1' ind2='0' tag='600'><subfield code='a'>Polo, Marco,</subfield><subfield code='d'>1254-1323?</subfield><subfield code='x'>Travel</subfield><subfield code='z'>Asia.</subfield></datafield><datafield ind1='1' ind2=' ' tag='700'><subfield code='a'>Masefield, John,</subfield><subfield code='e'>writer of introduction.</subfield></datafield><datafield ind1='0' ind2='8' tag='776'><subfield code='z'>1-78042-012-9</subfield></datafield><datafield ind1=' ' ind2=' ' tag='906'><subfield code='a'>BOOK</subfield></datafield><datafield ind1=' ' ind2=' ' tag='AVE'><subfield code='8'>53892562930006421</subfield><subfield code='c'>61889859990006421</subfield><subfield code='e'>Available</subfield><subfield code='m'>Ebook Central Perpetual, DDA and Subscription Titles</subfield><subfield code='t'>Ebook Central</subfield><subfield code='a'>01PRI_INST</subfield><subfield code='0'>99125349806506421</subfield></datafield></record>