
<record><leader>02201cam a2200397 i 4500</leader><controlfield tag='001'>9989928883506421</controlfield><controlfield tag='005'>20200701223450.0</controlfield><controlfield tag='006'>m     o  d</controlfield><controlfield tag='007'>cr mn |||||a|a</controlfield><controlfield tag='008'>790706s1896    enkaf  job    000 f eng d</controlfield><datafield ind1=' ' ind2=' ' tag='035'><subfield code='a'>(OCoLC)619729247</subfield></datafield><datafield ind1=' ' ind2=' ' tag='035'><subfield code='a'>(MiFhGG)NCCO3012630</subfield></datafield><datafield ind1=' ' ind2=' ' tag='035'><subfield code='a'>(NjP)8992888-princetondb</subfield></datafield><datafield ind1=' ' ind2=' ' tag='035'><subfield code='z'>(NjP)Voyager8992888</subfield></datafield><datafield ind1=' ' ind2=' ' tag='040'><subfield code='a'>MIGCL</subfield><subfield code='b'>eng</subfield><subfield code='c'>UtOrBLW</subfield><subfield code='e'>rda</subfield></datafield><datafield ind1=' ' ind2='4' tag='050'><subfield code='a'>PZ8.1.J153</subfield></datafield><datafield ind1=' ' ind2=' ' tag='090'><subfield code='a'>Electronic Resource</subfield></datafield><datafield ind1='0' ind2='4' tag='245'><subfield code='a'>The Book of wonder voyages /</subfield><subfield code='c'>edited by Joseph Jacobs ; illustrated by John D. Batten.</subfield></datafield><datafield ind1='1' ind2=' ' tag='246'><subfield code='a'>Wonder voyages</subfield></datafield><datafield ind1=' ' ind2='1' tag='264'><subfield code='a'>London :</subfield><subfield code='b'>David Nutt,</subfield><subfield code='c'>1896.</subfield></datafield><datafield ind1=' ' ind2=' ' tag='300'><subfield code='a'>1 online resource (xii, 224, 12 pages, 7 unnumbered leaves of plates) :</subfield><subfield code='b'>illustrations.</subfield></datafield><datafield ind1=' ' ind2=' ' tag='336'><subfield code='a'>text</subfield><subfield code='b'>txt</subfield><subfield code='2'>rdacontent</subfield></datafield><datafield ind1=' ' ind2=' ' tag='337'><subfield code='a'>computer</subfield><subfield code='b'>c</subfield><subfield code='2'>rdamedia</subfield></datafield><datafield ind1=' ' ind2=' ' tag='338'><subfield code='a'>online resource</subfield><subfield code='b'>cr</subfield><subfield code='2'>rdacarrier</subfield></datafield><datafield ind1='1' ind2=' ' tag='490'><subfield code='a'>Nineteenth Century Collections Online: Children&apos;s Literature and Childhood</subfield></datafield><datafield ind1=' ' ind2=' ' tag='500'><subfield code='a'>Engraved title page.</subfield></datafield><datafield ind1=' ' ind2=' ' tag='500'><subfield code='a'>Publisher&apos;s advertising: 12 pages, 3rd count.</subfield></datafield><datafield ind1=' ' ind2=' ' tag='500'><subfield code='a'>Reproduction of the original from the Baldwin Library of Historical Children&apos;s Literature, George A. Smathers Libraries, University of Florida.</subfield></datafield><datafield ind1=' ' ind2=' ' tag='504'><subfield code='a'>Includes bibliographical references.</subfield></datafield><datafield ind1='0' ind2=' ' tag='505'><subfield code='a'>The Argonauts -- The Voyage of Maeldvin -- Hasan of Bassorah -- The Journeyings of Thorkill and of Eric the Far-travelled.</subfield></datafield><datafield ind1=' ' ind2='0' tag='650'><subfield code='a'>Voyages and travels</subfield><subfield code='v'>Juvenile fiction.</subfield><subfield code='0'>http://id.loc.gov/authorities/subjects/sh2010117633</subfield></datafield><datafield ind1=' ' ind2='0' tag='650'><subfield code='a'>Adventure stories.</subfield><subfield code='0'>http://id.loc.gov/authorities/subjects/sh85001072</subfield></datafield><datafield ind1=' ' ind2='0' tag='650'><subfield code='a'>Children&apos;s stories.</subfield><subfield code='0'>http://id.loc.gov/authorities/subjects/sh85023780</subfield></datafield><datafield ind1='1' ind2=' ' tag='700'><subfield code='a'>Jacobs, Joseph,</subfield><subfield code='d'>1854-1916,</subfield><subfield code='e'>editor.</subfield><subfield code='0'>http://id.loc.gov/authorities/names/n79065901</subfield></datafield><datafield ind1='1' ind2=' ' tag='700'><subfield code='a'>Batten, John D.</subfield><subfield code='q'>(John Dickson),</subfield><subfield code='d'>1860-1932,</subfield><subfield code='e'>illustrator.</subfield><subfield code='0'>http://id.loc.gov/authorities/names/n50005476</subfield></datafield><datafield ind1=' ' ind2='0' tag='830'><subfield code='a'>Nineteenth Century Collections Online: Children&apos;s Literature and Childhood.</subfield></datafield><datafield ind1=' ' ind2=' ' tag='AVE'><subfield code='8'>53820918800006421</subfield><subfield code='c'>61826562130006421</subfield><subfield code='e'>Available</subfield><subfield code='l'>online</subfield><subfield code='m'>Nineteenth Century Collections Online (NCCO) : Children&apos;s Literature and Childhood</subfield><subfield code='a'>01PRI_INST</subfield><subfield code='0'>9989928883506421</subfield></datafield></record>