
<record><leader>01660cam a2200373   4500</leader><controlfield tag='001'>9922746663506421</controlfield><controlfield tag='005'>20260623143139.0</controlfield><controlfield tag='008'>730724s1869    enk           000 0 eng d</controlfield><datafield ind1=' ' ind2=' ' tag='035'><subfield code='9'>CKL1016TS</subfield></datafield><datafield ind1=' ' ind2=' ' tag='035'><subfield code='a'>(NjP)2274666-princetondb</subfield></datafield><datafield ind1=' ' ind2=' ' tag='035'><subfield code='z'>(NjP)Voyager2274666</subfield></datafield><datafield ind1=' ' ind2=' ' tag='035'><subfield code='a'>(OCoLC)661467</subfield></datafield><datafield ind1=' ' ind2=' ' tag='035'><subfield code='a'>(OCoLC)661467</subfield></datafield><datafield ind1=' ' ind2=' ' tag='040'><subfield code='a'>KSU</subfield><subfield code='b'>eng</subfield><subfield code='c'>KSU</subfield><subfield code='d'>OCL</subfield><subfield code='d'>PUL</subfield></datafield><datafield ind1=' ' ind2='4' tag='050'><subfield code='a'>CT106</subfield></datafield><datafield ind1=' ' ind2=' ' tag='092'><subfield code='a'>920.02</subfield><subfield code='b'>W748b</subfield></datafield><datafield ind1='1' ind2=' ' tag='100'><subfield code='a'>Wilson, Henry,</subfield><subfield code='d'>-1810.</subfield><subfield code='0'>http://id.loc.gov/authorities/names/n82232825</subfield></datafield><datafield ind1='1' ind2='4' tag='245'><subfield code='a'>The book of wonderful characters:</subfield><subfield code='b'>Memoirs and anecdotes of remarkable and eccentric persons in all ages and countries.</subfield></datafield><datafield ind1=' ' ind2=' ' tag='260'><subfield code='a'>London,</subfield><subfield code='b'>J. C. Hotten,</subfield><subfield code='c'>[1869]</subfield></datafield><datafield ind1=' ' ind2=' ' tag='300'><subfield code='a'>xxii, 4l6 p.</subfield><subfield code='b'>illus.</subfield><subfield code='c'>21 cm.</subfield></datafield><datafield ind1=' ' ind2=' ' tag='500'><subfield code='a'>&quot;Preliminary&quot; signed: P.P., G.H.</subfield></datafield><datafield ind1='4' ind2=' ' tag='510'><subfield code='a'>Wright, E.P. Joanna Southcott,</subfield><subfield code='c'>214.</subfield></datafield><datafield ind1=' ' ind2='0' tag='650'><subfield code='a'>Characters and characteristics.</subfield><subfield code='0'>http://id.loc.gov/authorities/subjects/sh85022623</subfield></datafield><datafield ind1=' ' ind2='0' tag='650'><subfield code='a'>Biography.</subfield><subfield code='0'>http://id.loc.gov/authorities/subjects/sh85014152</subfield></datafield><datafield ind1=' ' ind2='6' tag='650'><subfield code='a'>Biographies.</subfield></datafield><datafield ind1=' ' ind2='7' tag='650'><subfield code='a'>collective biographies.</subfield><subfield code='2'>aat</subfield></datafield><datafield ind1=' ' ind2='7' tag='650'><subfield code='a'>Biography.</subfield><subfield code='2'>fast</subfield><subfield code='0'>(OCoLC)fst00832149</subfield></datafield><datafield ind1=' ' ind2='7' tag='650'><subfield code='a'>Characters and characteristics.</subfield><subfield code='2'>fast</subfield><subfield code='0'>(OCoLC)fst00852293</subfield></datafield><datafield ind1='0' ind2=' ' tag='852'><subfield code='b'>f</subfield><subfield code='h'>CT104</subfield><subfield code='i'>.W557 1869</subfield><subfield code='p'>2563777</subfield><subfield code='x'>reclassed from: 1038.975</subfield></datafield><datafield ind1=' ' ind2=' ' tag='911'><subfield code='a'>19990626</subfield></datafield><datafield ind1=' ' ind2=' ' tag='914'><subfield code='a'>(OCoLC)ocm00661467</subfield><subfield code='b'>OCoLC</subfield><subfield code='c'>match</subfield><subfield code='d'>20240710</subfield><subfield code='e'>processed</subfield><subfield code='f'>661467</subfield></datafield><datafield ind1=' ' ind2=' ' tag='916'><subfield code='a'>2026-03-12</subfield><subfield code='b'>(OCoLC)661467</subfield><subfield code='c'>New collection customer.1791.allpul</subfield><subfield code='d'>9922746663506421</subfield><subfield code='e'>WorldShare Record Update</subfield><subfield code='f'>processed</subfield></datafield><datafield ind1=' ' ind2=' ' tag='916'><subfield code='a'>2026-03-12</subfield><subfield code='b'>(OCoLC)661467</subfield><subfield code='c'>New collection customer.1791.allpul</subfield><subfield code='d'>9922746663506421</subfield><subfield code='e'>WorldShare Record Update</subfield><subfield code='f'>processed</subfield></datafield><datafield ind1=' ' ind2=' ' tag='945'><subfield code='a'>F</subfield><subfield code='b'>1</subfield><subfield code='c'>1038.975</subfield></datafield><datafield ind1=' ' ind2=' ' tag='AVA'><subfield code='0'>9922746663506421</subfield><subfield code='8'>22506764400006421</subfield><subfield code='a'>01PRI_INST</subfield><subfield code='b'>recap</subfield><subfield code='c'>Remote Storage</subfield><subfield code='d'>CT104 .W557 1869</subfield><subfield code='e'>available</subfield><subfield code='f'>1</subfield><subfield code='g'>0</subfield><subfield code='j'>pa</subfield><subfield code='k'>0</subfield><subfield code='p'>1</subfield><subfield code='q'>ReCAP</subfield></datafield><datafield ind1=' ' ind2=' ' tag='AVE'><subfield code='8'>53877366500006421</subfield><subfield code='e'>Available</subfield><subfield code='l'>online</subfield><subfield code='a'>01PRI_INST</subfield><subfield code='0'>9922746663506421</subfield></datafield></record>