
<record><leader>01735nam  2200361 i 4500</leader><controlfield tag='001'>99126757130906421</controlfield><controlfield tag='005'>20190522150206.0</controlfield><controlfield tag='006'>m|||||o||d||||||||</controlfield><controlfield tag='007'>cr |||||||||||</controlfield><controlfield tag='008'>190410s1869    enka    o     000|0|eng|d</controlfield><datafield ind1=' ' ind2=' ' tag='035'><subfield code='a'>(UkMbAM-D)EDZ0002048939</subfield></datafield><datafield ind1=' ' ind2=' ' tag='035'><subfield code='a'>(CKB)4910000000429751</subfield></datafield><datafield ind1=' ' ind2=' ' tag='035'><subfield code='a'>(EXLCZ)994910000000429751</subfield></datafield><datafield ind1=' ' ind2=' ' tag='040'><subfield code='a'>StDuBDS</subfield><subfield code='b'>eng</subfield><subfield code='c'>StDuBDS</subfield><subfield code='e'>rda</subfield><subfield code='e'>pn</subfield></datafield><datafield ind1=' ' ind2='4' tag='050'><subfield code='a'>D106</subfield></datafield><datafield ind1='0' ind2='4' tag='082'><subfield code='a'>940.099</subfield><subfield code='2'>23</subfield></datafield><datafield ind1=' ' ind2=' ' tag='099'><subfield code='a'>NFA_WILS_1160</subfield></datafield><datafield ind1='1' ind2=' ' tag='100'><subfield code='a'>Wilson, Henry,</subfield><subfield code='d'>active 1834,</subfield><subfield code='e'>author.</subfield></datafield><datafield ind1='1' ind2='4' tag='245'><subfield code='a'>The book of wonderful characters :</subfield><subfield code='b'>memoirs and anecdotes of remarkable and eccentric persons in all ages and countries,</subfield><subfield code='f'>1869 /</subfield><subfield code='c'>chiefly from the text of Henry Wilson and James Caulfield.</subfield></datafield><datafield ind1=' ' ind2='1' tag='264'><subfield code='a'>London :</subfield><subfield code='b'>Reeves and Turner,</subfield><subfield code='c'>1869.</subfield></datafield><datafield ind1=' ' ind2=' ' tag='300'><subfield code='a'>1 online resource (1 volume (xxii, 416 pages)) :</subfield><subfield code='b'>illustrations (black and white).</subfield></datafield><datafield ind1=' ' ind2=' ' tag='336'><subfield code='a'>text</subfield><subfield code='2'>rdacontent</subfield></datafield><datafield ind1=' ' ind2=' ' tag='336'><subfield code='a'>still image</subfield><subfield code='2'>rdacontent</subfield></datafield><datafield ind1=' ' ind2=' ' tag='337'><subfield code='a'>computer</subfield><subfield code='2'>rdamedia</subfield></datafield><datafield ind1=' ' ind2=' ' tag='338'><subfield code='a'>online resource</subfield><subfield code='2'>rdacarrier</subfield></datafield><datafield ind1='1' ind2=' ' tag='490'><subfield code='a'>Victorian popular culture</subfield></datafield><datafield ind1=' ' ind2=' ' tag='588'><subfield code='a'>Description based on online resource; title from scanned document&apos;s title page (viewed on May 7, 2019).</subfield></datafield><datafield ind1=' ' ind2=' ' tag='542'><subfield code='f'>National Fairground Archive, University of Sheffield.</subfield></datafield><datafield ind1='1' ind2=' ' tag='535'><subfield code='a'>National Fairground Archive, University of Sheffield</subfield></datafield><datafield ind1=' ' ind2='0' tag='650'><subfield code='a'>Eccentrics and eccentricities</subfield><subfield code='z'>Europe.</subfield></datafield><datafield ind1='1' ind2=' ' tag='700'><subfield code='a'>Caulfield, James,</subfield><subfield code='d'>1764-1826,</subfield><subfield code='e'>author.</subfield></datafield><datafield ind1=' ' ind2='0' tag='830'><subfield code='a'>Victorian popular culture.</subfield></datafield><datafield ind1=' ' ind2=' ' tag='906'><subfield code='a'>DOCUMENT</subfield></datafield><datafield ind1=' ' ind2=' ' tag='AVE'><subfield code='8'>53957465730006421</subfield><subfield code='c'>61955587930006421</subfield><subfield code='e'>Available</subfield><subfield code='m'>Victorian Popular Culture Module II: Circuses, Sideshows and Freaks</subfield><subfield code='t'>AM (Adam Matthew)</subfield><subfield code='a'>01PRI_INST</subfield><subfield code='0'>99126757130906421</subfield></datafield></record>