
<record><leader>01960cam a2200337 a 4500</leader><controlfield tag='001'>9966934703506421</controlfield><controlfield tag='005'>20200928120018.0</controlfield><controlfield tag='006'>m     o  d</controlfield><controlfield tag='007'>cr mn |||||a|a</controlfield><controlfield tag='008'>091123s1869    enkacf  o     000 0ceng d</controlfield><datafield ind1=' ' ind2=' ' tag='035'><subfield code='a'>AC004042</subfield></datafield><datafield ind1=' ' ind2=' ' tag='035'><subfield code='a'>(NjP)6693470-princetondb</subfield></datafield><datafield ind1=' ' ind2=' ' tag='035'><subfield code='z'>(NjP)Voyager6693470</subfield></datafield><datafield ind1=' ' ind2=' ' tag='040'><subfield code='a'>UkMbAM-D</subfield><subfield code='c'>UkMbAM-D</subfield><subfield code='d'>UkMbAM-D</subfield></datafield><datafield ind1=' ' ind2=' ' tag='090'><subfield code='a'>Electronic Resource</subfield></datafield><datafield ind1='1' ind2=' ' tag='100'><subfield code='a'>Wilson, G. H.</subfield><subfield code='q'>(Henry)</subfield></datafield><datafield ind1='1' ind2='4' tag='245'><subfield code='a'>The book of wonderful characters</subfield><subfield code='h'>[electronic resource] :</subfield><subfield code='b'>memoirs and anecdotes of remarkable and eccentric persons in all ages and countries /</subfield><subfield code='c'>chiefly from the text of Henry Wilson and James Caulfield.</subfield></datafield><datafield ind1=' ' ind2=' ' tag='260'><subfield code='a'>London :</subfield><subfield code='b'>Reeves and Turner,</subfield><subfield code='c'>[1869]</subfield></datafield><datafield ind1=' ' ind2=' ' tag='300'><subfield code='a'>416 p., [61] leaves of plates :</subfield><subfield code='b'>ill., ports. ;</subfield><subfield code='c'>20 cm.</subfield></datafield><datafield ind1=' ' ind2=' ' tag='500'><subfield code='a'>&quot;Illustrated with 61 full page engravings&quot;</subfield></datafield><datafield ind1=' ' ind2=' ' tag='533'><subfield code='a'>Electronic reproduction.</subfield><subfield code='b'>Marlborough, England :</subfield><subfield code='c'>Adam Matthew Digital,</subfield><subfield code='d'>[2009], c2015</subfield><subfield code='f'>(Victorian popular culture. Circuses, sideshows and freaks)</subfield><subfield code='n'>Originally published Sept. 2009; re-released 2015 with amended URL.</subfield></datafield><datafield ind1='1' ind2=' ' tag='535'><subfield code='a'>National Fairground Archive, University of Sheffield</subfield></datafield><datafield ind1=' ' ind2='0' tag='650'><subfield code='a'>Eccentrics and eccentricities</subfield><subfield code='v'>Biography.</subfield><subfield code='0'>http://id.loc.gov/authorities/subjects/sh2008118567</subfield></datafield><datafield ind1=' ' ind2='0' tag='650'><subfield code='a'>Characters and characteristics.</subfield><subfield code='0'>http://id.loc.gov/authorities/subjects/sh85022623</subfield></datafield><datafield ind1=' ' ind2='0' tag='650'><subfield code='a'>Abnormalities, Human.</subfield><subfield code='0'>http://id.loc.gov/authorities/subjects/sh85000182</subfield></datafield><datafield ind1=' ' ind2='0' tag='650'><subfield code='a'>Curiosities and wonders.</subfield><subfield code='0'>http://id.loc.gov/authorities/subjects/sh85034859</subfield></datafield><datafield ind1='1' ind2=' ' tag='700'><subfield code='a'>Caulfield, James.</subfield><subfield code='0'>http://id.loc.gov/authorities/names/n2015011160</subfield></datafield><datafield ind1='2' ind2=' ' tag='710'><subfield code='a'>National Fairground Archive (Great Britain)</subfield><subfield code='0'>http://id.loc.gov/authorities/names/no2004124583</subfield></datafield><datafield ind1='2' ind2=' ' tag='710'><subfield code='a'>Adam Matthew Digital (Firm)</subfield><subfield code='0'>http://id.loc.gov/authorities/names/no2007068893</subfield></datafield><datafield ind1=' ' ind2='0' tag='830'><subfield code='a'>Victorian popular culture.</subfield><subfield code='p'>Circuses, sideshows and freaks.</subfield></datafield><datafield ind1=' ' ind2=' ' tag='902'><subfield code='a'>jwl</subfield><subfield code='b'>z</subfield><subfield code='6'>a</subfield><subfield code='7'>m</subfield><subfield code='d'>w</subfield><subfield code='f'>0</subfield><subfield code='e'>20150922</subfield></datafield><datafield ind1=' ' ind2=' ' tag='AVE'><subfield code='8'>53839906800006421</subfield><subfield code='c'>61991449110006421</subfield><subfield code='e'>Available</subfield><subfield code='l'>online</subfield><subfield code='m'>Victorian Popular Culture: Moving Pictures, Optical Entertainments and the Advent of Cinema (supplemental)</subfield><subfield code='a'>01PRI_INST</subfield><subfield code='0'>9966934703506421</subfield></datafield></record>