
<record><leader>01488cam a2200433 i 4500</leader><controlfield tag='001'>99122351983506421</controlfield><controlfield tag='005'>20240816105654.0</controlfield><controlfield tag='008'>200505s2020    enka     b    001 0 eng d</controlfield><datafield ind1=' ' ind2=' ' tag='020'><subfield code='a'>9780008299903</subfield><subfield code='q'>hardcover</subfield></datafield><datafield ind1=' ' ind2=' ' tag='020'><subfield code='a'>0008299900</subfield><subfield code='q'>hardcover</subfield></datafield><datafield ind1=' ' ind2=' ' tag='020'><subfield code='a'>9780008299910</subfield><subfield code='q'>paperback</subfield></datafield><datafield ind1=' ' ind2=' ' tag='020'><subfield code='a'>0008299919</subfield><subfield code='q'>paperback</subfield></datafield><datafield ind1=' ' ind2=' ' tag='020'><subfield code='z'>9780008299927</subfield><subfield code='q'>ePub ebook</subfield></datafield><datafield ind1=' ' ind2=' ' tag='035'><subfield code='9'>(YDXIT)16448966</subfield></datafield><datafield ind1=' ' ind2=' ' tag='035'><subfield code='a'>(NjP)12235198-princetondb</subfield></datafield><datafield ind1=' ' ind2=' ' tag='035'><subfield code='a'>(OCoLC)on1180075394</subfield></datafield><datafield ind1=' ' ind2=' ' tag='035'><subfield code='z'>(NjP)Voyager12235198</subfield></datafield><datafield ind1=' ' ind2=' ' tag='040'><subfield code='a'>UKMGB</subfield><subfield code='b'>eng</subfield><subfield code='e'>rda</subfield><subfield code='c'>UKMGB</subfield><subfield code='d'>OCLCO</subfield></datafield><datafield ind1=' ' ind2='4' tag='050'><subfield code='a'>QA445</subfield><subfield code='b'>.W37 2020</subfield></datafield><datafield ind1='0' ind2='4' tag='082'><subfield code='a'>516.2</subfield><subfield code='2'>23</subfield></datafield><datafield ind1='1' ind2=' ' tag='100'><subfield code='a'>Wardhaugh, Benjamin,</subfield><subfield code='d'>1979-</subfield><subfield code='e'>author.</subfield></datafield><datafield ind1='1' ind2='4' tag='245'><subfield code='a'>The book of wonders :</subfield><subfield code='b'>the many lives of Euclid&apos;s elements /</subfield><subfield code='c'>Benjamin Wardhaugh.</subfield></datafield><datafield ind1=' ' ind2='1' tag='264'><subfield code='a'>London :</subfield><subfield code='b'>William Collins,</subfield><subfield code='c'>2020.</subfield></datafield><datafield ind1=' ' ind2=' ' tag='300'><subfield code='a'>x, 403 pages :</subfield><subfield code='b'>illustrations ;</subfield><subfield code='c'>24 cm</subfield></datafield><datafield ind1=' ' ind2=' ' tag='336'><subfield code='a'>text</subfield><subfield code='b'>txt</subfield><subfield code='2'>rdacontent</subfield></datafield><datafield ind1=' ' ind2=' ' tag='336'><subfield code='a'>still image</subfield><subfield code='b'>sti</subfield><subfield code='2'>rdacontent</subfield></datafield><datafield ind1=' ' ind2=' ' tag='337'><subfield code='a'>unmediated</subfield><subfield code='b'>n</subfield><subfield code='2'>rdamedia</subfield></datafield><datafield ind1=' ' ind2=' ' tag='338'><subfield code='a'>volume</subfield><subfield code='b'>nc</subfield><subfield code='2'>rdacarrier</subfield></datafield><datafield ind1=' ' ind2=' ' tag='504'><subfield code='a'>Includes bibliographical references and index.</subfield></datafield><datafield ind1='0' ind2='0' tag='600'><subfield code='a'>Euclid.</subfield><subfield code='t'>Elements.</subfield></datafield><datafield ind1=' ' ind2='0' tag='650'><subfield code='a'>Geometry.</subfield></datafield><datafield ind1='0' ind2='8' tag='776'><subfield code='i'>ebook version :</subfield><subfield code='z'>9780008299927</subfield></datafield><datafield ind1=' ' ind2=' ' tag='902'><subfield code='a'>kl</subfield><subfield code='b'>s</subfield><subfield code='6'>a</subfield><subfield code='7'>m</subfield><subfield code='d'>v</subfield><subfield code='f'>1</subfield><subfield code='e'>20210121</subfield></datafield><datafield ind1=' ' ind2=' ' tag='904'><subfield code='a'>pad</subfield><subfield code='b'>a</subfield><subfield code='h'>m</subfield><subfield code='c'>b</subfield><subfield code='e'>20201217</subfield></datafield><datafield ind1=' ' ind2=' ' tag='910'><subfield code='c'>G0601mon</subfield></datafield><datafield ind1=' ' ind2=' ' tag='914'><subfield code='a'>(OCoLC)on1180075394</subfield><subfield code='b'>OCoLC</subfield><subfield code='c'>match</subfield><subfield code='d'>20221117</subfield><subfield code='e'>processed</subfield><subfield code='f'>1180075394</subfield></datafield><datafield ind1=' ' ind2=' ' tag='980'><subfield code='i'>33.31</subfield><subfield code='j'>29.98</subfield><subfield code='n'>60002403232</subfield></datafield><datafield ind1=' ' ind2=' ' tag='982'><subfield code='b'>FY21</subfield><subfield code='n'>2021</subfield><subfield code='q'>32101107794107</subfield></datafield><datafield ind1=' ' ind2=' ' tag='986'><subfield code='h'>QA445</subfield><subfield code='i'>.W37 2020</subfield></datafield><datafield ind1=' ' ind2=' ' tag='AVA'><subfield code='0'>99122351983506421</subfield><subfield code='8'>22678771700006421</subfield><subfield code='a'>01PRI_INST</subfield><subfield code='b'>firestone</subfield><subfield code='c'>Stacks</subfield><subfield code='d'>QA445 .W37 2020</subfield><subfield code='e'>available</subfield><subfield code='f'>1</subfield><subfield code='g'>0</subfield><subfield code='j'>stacks</subfield><subfield code='k'>0</subfield><subfield code='p'>1</subfield><subfield code='q'>Firestone Library</subfield></datafield></record>