
<record><leader>02162pam a2200493 i 4500</leader><controlfield tag='001'>99102754683506421</controlfield><controlfield tag='005'>20240820095654.0</controlfield><controlfield tag='008'>160921t20172017ilua     b    001 j eng c</controlfield><datafield ind1=' ' ind2=' ' tag='010'><subfield code='a'>2016043309</subfield></datafield><datafield ind1=' ' ind2=' ' tag='020'><subfield code='a'>9780226462790</subfield><subfield code='q'>(pbk. ;</subfield><subfield code='q'>alk. paper)</subfield></datafield><datafield ind1=' ' ind2=' ' tag='020'><subfield code='a'>022646279X</subfield><subfield code='q'>(pbk. ;</subfield><subfield code='q'>alk. paper)</subfield></datafield><datafield ind1=' ' ind2=' ' tag='020'><subfield code='z'>9780226462820</subfield><subfield code='q'>(e-book)</subfield></datafield><datafield ind1=' ' ind2=' ' tag='035'><subfield code='a'>(NjP)10275468-princetondb</subfield></datafield><datafield ind1=' ' ind2=' ' tag='035'><subfield code='a'>(OCoLC)ocn958781741</subfield></datafield><datafield ind1=' ' ind2=' ' tag='035'><subfield code='z'>(NjP)Voyager10275468</subfield></datafield><datafield ind1=' ' ind2=' ' tag='040'><subfield code='a'>ICU/DLC</subfield><subfield code='b'>eng</subfield><subfield code='e'>rda</subfield><subfield code='c'>CGU</subfield><subfield code='d'>DLC</subfield><subfield code='d'>YDX</subfield><subfield code='d'>OCLCO</subfield><subfield code='d'>OCLCF</subfield><subfield code='d'>OCLCQ</subfield></datafield><datafield ind1='1' ind2=' ' tag='041'><subfield code='a'>eng</subfield><subfield code='h'>ita</subfield></datafield><datafield ind1=' ' ind2=' ' tag='042'><subfield code='a'>pcc</subfield></datafield><datafield ind1=' ' ind2=' ' tag='043'><subfield code='a'>e-it---</subfield></datafield><datafield ind1='0' ind2='0' tag='050'><subfield code='a'>GR177.S5</subfield><subfield code='b'>P42413 2017</subfield></datafield><datafield ind1='0' ind2='0' tag='082'><subfield code='a'>398.209458</subfield><subfield code='2'>23</subfield></datafield><datafield ind1='1' ind2=' ' tag='100'><subfield code='a'>Pitrè, Giuseppe,</subfield><subfield code='d'>1841-1916</subfield><subfield code='e'>author.</subfield><subfield code='0'>http://id.loc.gov/authorities/names/n80093341</subfield></datafield><datafield ind1='1' ind2='0' tag='240'><subfield code='a'>Works.</subfield><subfield code='k'>Selections.</subfield><subfield code='l'>English.</subfield><subfield code='f'>2017</subfield></datafield><datafield ind1='1' ind2='0' tag='245'><subfield code='a'>Catarina the Wise and other wondrous Sicilian folk &amp; fairy tales /</subfield><subfield code='c'>by Giuseppe Pitrè ; translated and edited by Jack Zipes ; illustrated by Adeetje Bouma.</subfield></datafield><datafield ind1=' ' ind2='1' tag='264'><subfield code='a'>Chicago ;</subfield><subfield code='a'>London :</subfield><subfield code='b'>The University of Chicago Press,</subfield><subfield code='c'>2017.</subfield></datafield><datafield ind1=' ' ind2='4' tag='264'><subfield code='c'>©2017</subfield></datafield><datafield ind1=' ' ind2=' ' tag='300'><subfield code='a'>xii, 282 pages :</subfield><subfield code='b'>illustrations ;</subfield><subfield code='c'>24 cm</subfield></datafield><datafield ind1=' ' ind2=' ' tag='336'><subfield code='a'>text</subfield><subfield code='b'>txt</subfield><subfield code='2'>rdacontent</subfield></datafield><datafield ind1=' ' ind2=' ' tag='337'><subfield code='a'>unmediated</subfield><subfield code='b'>n</subfield><subfield code='2'>rdamedia</subfield></datafield><datafield ind1=' ' ind2=' ' tag='338'><subfield code='a'>volume</subfield><subfield code='b'>nc</subfield><subfield code='2'>rdacarrier</subfield></datafield><datafield ind1=' ' ind2=' ' tag='504'><subfield code='a'>Includes bibliographical references (pages 259-280) and index.</subfield></datafield><datafield ind1=' ' ind2=' ' tag='546'><subfield code='a'>Translated from the Sicilian.</subfield></datafield><datafield ind1=' ' ind2='0' tag='650'><subfield code='a'>Tales</subfield><subfield code='z'>Italy</subfield><subfield code='z'>Sicily.</subfield></datafield><datafield ind1=' ' ind2='0' tag='650'><subfield code='a'>Folklore</subfield><subfield code='z'>Italy</subfield><subfield code='z'>Sicily.</subfield><subfield code='0'>http://id.loc.gov/authorities/subjects/sh2008120899</subfield></datafield><datafield ind1=' ' ind2='7' tag='650'><subfield code='a'>Folklore.</subfield><subfield code='2'>fast</subfield><subfield code='0'>(OCoLC)fst00930306</subfield></datafield><datafield ind1=' ' ind2='7' tag='650'><subfield code='a'>Tales.</subfield><subfield code='2'>fast</subfield><subfield code='0'>(OCoLC)fst01142246</subfield></datafield><datafield ind1=' ' ind2='7' tag='651'><subfield code='a'>Italy</subfield><subfield code='z'>Sicily.</subfield><subfield code='2'>fast</subfield><subfield code='0'>(OCoLC)fst01204499</subfield></datafield><datafield ind1=' ' ind2='7' tag='655'><subfield code='a'>Short stories.</subfield><subfield code='2'>lcgft</subfield><subfield code='0'>http://id.loc.gov/authorities/genreForms/gf2014026542</subfield></datafield><datafield ind1='1' ind2=' ' tag='700'><subfield code='a'>Zipes, Jack,</subfield><subfield code='d'>1937-</subfield><subfield code='e'>translator,</subfield><subfield code='e'>editor.</subfield><subfield code='0'>http://id.loc.gov/authorities/names/n80017606</subfield></datafield><datafield ind1='1' ind2=' ' tag='700'><subfield code='a'>Bouma, Adeetje,</subfield><subfield code='e'>illustrator.</subfield><subfield code='0'>http://id.loc.gov/authorities/names/no2016125780</subfield></datafield><datafield ind1='0' ind2=' ' tag='852'><subfield code='b'>f</subfield><subfield code='h'>GR177.S5</subfield><subfield code='i'>P42413 2017</subfield></datafield><datafield ind1=' ' ind2=' ' tag='902'><subfield code='a'>dls</subfield><subfield code='b'>l</subfield><subfield code='6'>a</subfield><subfield code='7'>m</subfield><subfield code='d'>v</subfield><subfield code='f'>1</subfield><subfield code='e'>20170712</subfield></datafield><datafield ind1=' ' ind2=' ' tag='904'><subfield code='a'>dls</subfield><subfield code='b'>a</subfield><subfield code='h'>m</subfield><subfield code='c'>b</subfield><subfield code='e'>20170712</subfield></datafield><datafield ind1=' ' ind2=' ' tag='914'><subfield code='a'>(OCoLC)ocn958781741</subfield><subfield code='b'>OCoLC</subfield><subfield code='c'>match</subfield><subfield code='d'>20221117</subfield><subfield code='e'>processed</subfield><subfield code='f'>958781741</subfield></datafield><datafield ind1=' ' ind2=' ' tag='AVA'><subfield code='0'>99102754683506421</subfield><subfield code='8'>22636962740006421</subfield><subfield code='a'>01PRI_INST</subfield><subfield code='b'>firestone</subfield><subfield code='c'>Stacks</subfield><subfield code='d'>GR177.S5 P42413 2017</subfield><subfield code='e'>available</subfield><subfield code='f'>1</subfield><subfield code='g'>0</subfield><subfield code='j'>stacks</subfield><subfield code='k'>0</subfield><subfield code='p'>1</subfield><subfield code='q'>Firestone Library</subfield></datafield></record>