
<record><leader>03751nim a2200469ui 4500</leader><controlfield tag='001'>99131693023306421</controlfield><controlfield tag='005'>20231025063032.0</controlfield><controlfield tag='006'>m||||go||h||||||||</controlfield><controlfield tag='007'>cr|mn|---uuuuu</controlfield><controlfield tag='008'>231024s2021||||xx ||||go||||||z |||eng|d</controlfield><datafield ind1=' ' ind2=' ' tag='035'><subfield code='a'>(CKB)40152972800041</subfield></datafield><datafield ind1=' ' ind2=' ' tag='035'><subfield code='a'>(NYHLS)145387</subfield></datafield><datafield ind1=' ' ind2=' ' tag='035'><subfield code='a'>(EXLCZ)9940152972800041</subfield></datafield><datafield ind1=' ' ind2=' ' tag='040'><subfield code='a'>NYHLS</subfield><subfield code='b'>eng</subfield><subfield code='e'>rda</subfield><subfield code='c'>NYHLS</subfield></datafield><datafield ind1='1' ind2=' ' tag='100'><subfield code='a'>Gan, Elaine,</subfield><subfield code='e'>Author.</subfield></datafield><datafield ind1='1' ind2='0' tag='245'><subfield code='a'>Cecilia Vicuña and Sarah Lookofsky.</subfield></datafield><datafield ind1=' ' ind2='1' tag='264'><subfield code='a'>[Place of publication not identified],</subfield><subfield code='b'>Multispecies Worldbuilding Lab,</subfield><subfield code='c'>2021.</subfield></datafield><datafield ind1=' ' ind2=' ' tag='300'><subfield code='a'>1 online resource.</subfield></datafield><datafield ind1=' ' ind2=' ' tag='336'><subfield code='a'>spoken word</subfield><subfield code='b'>spw</subfield><subfield code='2'>rdacontent</subfield></datafield><datafield ind1=' ' ind2=' ' tag='337'><subfield code='a'>computer</subfield><subfield code='b'>c</subfield><subfield code='2'>rdamedia</subfield></datafield><datafield ind1=' ' ind2=' ' tag='338'><subfield code='a'>online resource</subfield><subfield code='b'>cr</subfield><subfield code='2'>rdacarrier</subfield></datafield><datafield ind1='0' ind2=' ' tag='490'><subfield code='a'>Multispecies Worldbuilding Podcast ;</subfield><subfield code='v'>9</subfield></datafield><datafield ind1=' ' ind2=' ' tag='500'><subfield code='a'>Archived and cataloged by Library Stack</subfield></datafield><datafield ind1='0' ind2=' ' tag='506'><subfield code='f'>Unrestricted online access</subfield><subfield code='2'>star</subfield></datafield><datafield ind1=' ' ind2=' ' tag='520'><subfield code='a'>&quot;Two rivers situate our conversation with two friends, beloved poet/artist Cecilia Vicuña and art historian/curator Sarah Lookofsky. El Río Mapocho begins in the Andes Mountains and runs through the city of Santiago, Chile where Cecilia was born, while the River Akerselva begins in Maridal Lake and flows through waterfalls and former industrial areas of Oslo where Sarah recently moved. They ask: what might we learn to hear if we attend to the interweaving languages of these ancient waters and the many lives, joys, brutalities, and deaths these waters carry, remember, and resist? Cecilia recalls Quechua and Sarah recalls Sami, Indigenous ways of knowing and belonging that have been silenced and dispossessed by modern ideologies that treat rivers as dumping grounds. And yet life persists: &quot;When water disappears, when monstrous diseases are unleashed, something new has to come.&quot; In this wonderfully rich episode, Cecilia and Sarah talk about multispecies connection, histories of contamination and colonialism, quantum co-evolution, listening with fingers, dancing with mussels, speaking with red wing thrushes, and the &quot;explosive commitment to the beauty of being alive.&quot; New arts, sciences, languages, and politics are on the rise. Cecilia Vicuña is a poet, artist, and activist based in Chile and New York. Since the 1960s, Cecilia has engaged with the aesthetics and politics of environmental/social justice by creating precarios and quipus, which take the form of site-specific installations, ephemeral assemblages, films, texts, and participatory performances. Her critical-creative works have been exhibited extensively in museums, biennials, and major art venues. Sarah Lookofsky is an art historian and curator who currently serves as dean of the Oslo National Academy of the Arts (KHiO). Previously, Sarah served as associate director of the International Program at the Museum of Modern Art (MoMA) and as faculty member of the Independent Study Program of the Whitney Museum of American Art in New York. Sarah writes for art publications and curates exhibitions internationally.&quot;--</subfield><subfield code='c'>provided by distributor.</subfield></datafield><datafield ind1=' ' ind2=' ' tag='540'><subfield code='a'>Standard Copyright.</subfield></datafield><datafield ind1='0' ind2='z' tag='588'><subfield code='a'>Description from resource landing page (Library Stack, viewed on 09/29/2025).</subfield></datafield><datafield ind1='1' ind2='0' tag='650'><subfield code='a'>Ecology.</subfield></datafield><datafield ind1='1' ind2='0' tag='650'><subfield code='a'>Imperialism.</subfield></datafield><datafield ind1='1' ind2='0' tag='650'><subfield code='a'>Natural resources.</subfield></datafield><datafield ind1='1' ind2='7' tag='650'><subfield code='a'>Colonialism.</subfield><subfield code='2'>fast</subfield><subfield code='0'>(OCoLC)fst00968126</subfield></datafield><datafield ind1='1' ind2='7' tag='650'><subfield code='a'>Ecology.</subfield><subfield code='2'>fast</subfield><subfield code='0'>(OCoLC)fst00901476</subfield></datafield><datafield ind1='1' ind2='7' tag='650'><subfield code='a'>Natural resources.</subfield><subfield code='2'>fast</subfield><subfield code='0'>(OCoLC)fst01034403</subfield></datafield><datafield ind1=' ' ind2='0' tag='655'><subfield code='a'>Podcasts</subfield></datafield><datafield ind1=' ' ind2='7' tag='655'><subfield code='a'>Podcasts.</subfield><subfield code='2'>fast</subfield><subfield code='0'>(OCoLC)fst01750215</subfield></datafield><datafield ind1='1' ind2=' ' tag='700'><subfield code='a'>Acosta, Wanda,</subfield><subfield code='e'>Contributor.</subfield></datafield><datafield ind1='1' ind2=' ' tag='700'><subfield code='a'>Allen, Josh,</subfield><subfield code='e'>Editor.</subfield></datafield><datafield ind1='1' ind2=' ' tag='700'><subfield code='a'>Hazan, Joseph,</subfield><subfield code='e'>Contributor.</subfield></datafield><datafield ind1='1' ind2=' ' tag='700'><subfield code='a'>Karel, Ernst,</subfield><subfield code='e'>Contributor.</subfield></datafield><datafield ind1='1' ind2=' ' tag='700'><subfield code='a'>Lookofsky, Sarah,</subfield><subfield code='e'>Contributor.</subfield></datafield><datafield ind1='1' ind2=' ' tag='700'><subfield code='a'>Tardie, Hannah,</subfield><subfield code='e'>Researcher.</subfield></datafield><datafield ind1='1' ind2=' ' tag='700'><subfield code='a'>Vicuña, Cecilia,</subfield><subfield code='e'>Contributor.</subfield></datafield><datafield ind1='2' ind2=' ' tag='710'><subfield code='a'>Library Stack,</subfield><subfield code='e'>distributor.</subfield></datafield><datafield ind1=' ' ind2=' ' tag='906'><subfield code='a'>AUDIO</subfield></datafield><datafield ind1=' ' ind2=' ' tag='AVE'><subfield code='8'>531094782480006421</subfield><subfield code='c'>611094651680006421</subfield><subfield code='e'>Available</subfield><subfield code='m'>Library Stack</subfield><subfield code='t'>Library Stack</subfield><subfield code='a'>01PRI_INST</subfield><subfield code='0'>99131693023306421</subfield></datafield></record>