
<record><leader>02228cam a2200505 i 4500</leader><controlfield tag='001'>99127980569906421</controlfield><controlfield tag='005'>20240502073530.0</controlfield><controlfield tag='008'>221010s2022    enka     bc   000 0 eng d</controlfield><datafield ind1=' ' ind2=' ' tag='020'><subfield code='a'>9781849768351</subfield></datafield><datafield ind1=' ' ind2=' ' tag='020'><subfield code='a'>1849768358</subfield><subfield code='q'>paperback</subfield></datafield><datafield ind1=' ' ind2=' ' tag='035'><subfield code='a'>(OCoLC)on1348392229</subfield></datafield><datafield ind1=' ' ind2=' ' tag='040'><subfield code='a'>UKMGB</subfield><subfield code='b'>eng</subfield><subfield code='e'>rda</subfield><subfield code='c'>UKMGB</subfield><subfield code='d'>OCLCF</subfield><subfield code='d'>AVA</subfield><subfield code='d'>UKOBU</subfield><subfield code='d'>YDX</subfield></datafield><datafield ind1=' ' ind2='4' tag='050'><subfield code='a'>N6669.V477</subfield><subfield code='b'>A4 2022</subfield></datafield><datafield ind1='0' ind2='4' tag='082'><subfield code='a'>709.2</subfield><subfield code='2'>23</subfield></datafield><datafield ind1='1' ind2=' ' tag='100'><subfield code='a'>Vicuña, Cecilia,</subfield><subfield code='e'>artist,</subfield><subfield code='e'>contributor.</subfield></datafield><datafield ind1='1' ind2='0' tag='245'><subfield code='a'>Cecilia Vicuña  :</subfield><subfield code='b'>brain forest quipu /</subfield><subfield code='c'>edited by Catherine Wood ; with contributions by Chus Martínez, Fiontán Moran, Luke Roberts, Cecilia Vicuña and Catherine Wood.</subfield></datafield><datafield ind1='3' ind2='0' tag='246'><subfield code='a'>Brain forest quipu</subfield></datafield><datafield ind1='1' ind2='3' tag='246'><subfield code='a'>Hyundai Commission :</subfield><subfield code='b'>Cecilia Vicuña  : brain forest quipu</subfield></datafield><datafield ind1=' ' ind2='1' tag='264'><subfield code='a'>London :</subfield><subfield code='b'>Tate Publishing,</subfield><subfield code='c'>2022.</subfield></datafield><datafield ind1=' ' ind2=' ' tag='300'><subfield code='a'>134 pages :</subfield><subfield code='b'>illustrations (colour) ;</subfield><subfield code='c'>24 cm</subfield></datafield><datafield ind1=' ' ind2=' ' tag='336'><subfield code='a'>text</subfield><subfield code='2'>rdacontent</subfield></datafield><datafield ind1=' ' ind2=' ' tag='336'><subfield code='a'>still image</subfield><subfield code='2'>rdacontent</subfield></datafield><datafield ind1=' ' ind2=' ' tag='337'><subfield code='a'>unmediated</subfield><subfield code='2'>rdamedia</subfield></datafield><datafield ind1=' ' ind2=' ' tag='338'><subfield code='a'>volume</subfield><subfield code='2'>rdacarrier</subfield></datafield><datafield ind1=' ' ind2=' ' tag='504'><subfield code='a'>Includes bibliographical references.</subfield></datafield><datafield ind1=' ' ind2=' ' tag='500'><subfield code='a'>Published to accompany the exhibition held at Tate Modern, London, 11th October 2022-16th April 2023.</subfield></datafield><datafield ind1=' ' ind2=' ' tag='500'><subfield code='a'>At head of title: Hyundai Commission.</subfield></datafield><datafield ind1='1' ind2='0' tag='600'><subfield code='a'>Vicuña, Cecilia</subfield><subfield code='v'>Exhibitions.</subfield></datafield><datafield ind1=' ' ind2='0' tag='650'><subfield code='a'>Art, Chilean</subfield><subfield code='y'>21st century</subfield><subfield code='v'>Exhibitions.</subfield></datafield><datafield ind1=' ' ind2='0' tag='650'><subfield code='a'>Installations (Art)</subfield><subfield code='y'>21st century</subfield><subfield code='v'>Exhibitions.</subfield></datafield><datafield ind1='1' ind2='7' tag='600'><subfield code='a'>Vicuña, Cecilia.</subfield><subfield code='2'>fast</subfield><subfield code='0'>(OCoLC)fst00163557</subfield></datafield><datafield ind1=' ' ind2='7' tag='655'><subfield code='a'>Exhibition catalogs.</subfield><subfield code='2'>fast</subfield><subfield code='0'>(OCoLC)fst01424028</subfield></datafield><datafield ind1='1' ind2='2' tag='700'><subfield code='a'>Vicuña, Cecilia.</subfield><subfield code='t'>Works.</subfield><subfield code='k'>Selections</subfield></datafield><datafield ind1='1' ind2=' ' tag='700'><subfield code='a'>Wood, Catherine,</subfield><subfield code='d'>1973-</subfield><subfield code='e'>editor,</subfield><subfield code='e'>contributor.</subfield></datafield><datafield ind1='1' ind2=' ' tag='700'><subfield code='a'>Martínez, Chus,</subfield><subfield code='e'>contributor.</subfield></datafield><datafield ind1='1' ind2=' ' tag='700'><subfield code='a'>Moran, Fiontán,</subfield><subfield code='e'>contributor.</subfield></datafield><datafield ind1='1' ind2=' ' tag='700'><subfield code='a'>Roberts, Luke,</subfield><subfield code='e'>contributor.</subfield></datafield><datafield ind1='2' ind2=' ' tag='710'><subfield code='a'>Tate Modern (Gallery),</subfield><subfield code='e'>host institution.</subfield><subfield code='1'>https://isni.org/isni/0000000123755359</subfield></datafield><datafield ind1=' ' ind2=' ' tag='902'><subfield code='a'>960024329</subfield><subfield code='w'>copy</subfield><subfield code='1'>20231127092407.0</subfield></datafield><datafield ind1=' ' ind2=' ' tag='910'><subfield code='c'>C1502mon</subfield><subfield code='d'>3110-10</subfield><subfield code='g'>YBP</subfield></datafield><datafield ind1=' ' ind2=' ' tag='914'><subfield code='a'>(OCoLC)on1348392229</subfield><subfield code='b'>OCoLC</subfield><subfield code='c'>match</subfield><subfield code='d'>20240501</subfield><subfield code='e'>processed</subfield><subfield code='f'>1348392229</subfield></datafield><datafield ind1=' ' ind2=' ' tag='961'><subfield code='f'>RF</subfield><subfield code='m'>311010</subfield><subfield code='n'>Paper</subfield></datafield><datafield ind1=' ' ind2=' ' tag='980'><subfield code='a'>18064957</subfield><subfield code='i'>33.01</subfield></datafield><datafield ind1=' ' ind2=' ' tag='982'><subfield code='c'>rcppj</subfield></datafield><datafield ind1=' ' ind2=' ' tag='984'><subfield code='a'>20230719</subfield><subfield code='b'>110417</subfield><subfield code='c'>YBP-US</subfield></datafield><datafield ind1=' ' ind2=' ' tag='AVA'><subfield code='0'>99127980569906421</subfield><subfield code='8'>22988487080006421</subfield><subfield code='a'>01PRI_INST</subfield><subfield code='b'>marquand</subfield><subfield code='c'>Remote Storage (ReCAP): Marquand Library Use Only</subfield><subfield code='d'>N6669.V477 A4 2022</subfield><subfield code='e'>available</subfield><subfield code='f'>1</subfield><subfield code='g'>0</subfield><subfield code='j'>pj</subfield><subfield code='k'>0</subfield><subfield code='p'>1</subfield><subfield code='q'>Marquand Library</subfield></datafield></record>