
<record><leader>03055nam a2200565ui 4500</leader><controlfield tag='001'>99131692997406421</controlfield><controlfield tag='005'>20230725180802.0</controlfield><controlfield tag='006'>m||||go||d||||||||</controlfield><controlfield tag='007'>cr|mn|---uuuuu</controlfield><controlfield tag='008'>210319s2020||||xx ||||go|||||||||u|eng|d</controlfield><datafield ind1=' ' ind2=' ' tag='035'><subfield code='a'>(CKB)40152862900041</subfield></datafield><datafield ind1=' ' ind2=' ' tag='035'><subfield code='a'>(NYHLS)53887</subfield></datafield><datafield ind1=' ' ind2=' ' tag='035'><subfield code='a'>(EXLCZ)9940152862900041</subfield></datafield><datafield ind1=' ' ind2=' ' tag='040'><subfield code='a'>NYHLS</subfield><subfield code='b'>eng</subfield><subfield code='e'>rda</subfield><subfield code='c'>NYHLS</subfield></datafield><datafield ind1='0' ind2='0' tag='245'><subfield code='a'>Cecilia Vicuña: Seehearing the Enlightened Failure.</subfield></datafield><datafield ind1=' ' ind2='1' tag='264'><subfield code='a'>[Place of publication not identified],</subfield><subfield code='b'>Kunstinstituut Melly,</subfield><subfield code='c'>2020.</subfield></datafield><datafield ind1=' ' ind2='1' tag='264'><subfield code='a'>[Place of publication not identified],</subfield><subfield code='b'>Museo Universitario Arte Contemporáneo,</subfield><subfield code='c'>2020.</subfield></datafield><datafield ind1=' ' ind2='1' tag='264'><subfield code='a'>[Place of publication not identified],</subfield><subfield code='b'>Witte de With,</subfield><subfield code='c'>2020.</subfield></datafield><datafield ind1=' ' ind2=' ' tag='300'><subfield code='a'>1 online resource.</subfield></datafield><datafield ind1=' ' ind2=' ' tag='336'><subfield code='a'>text</subfield><subfield code='b'>txt</subfield><subfield code='2'>rdacontent</subfield></datafield><datafield ind1=' ' ind2=' ' tag='337'><subfield code='a'>computer</subfield><subfield code='b'>c</subfield><subfield code='2'>rdamedia</subfield></datafield><datafield ind1=' ' ind2=' ' tag='338'><subfield code='a'>online resource</subfield><subfield code='b'>cr</subfield><subfield code='2'>rdacarrier</subfield></datafield><datafield ind1=' ' ind2=' ' tag='500'><subfield code='a'>Archived and cataloged by Library Stack</subfield></datafield><datafield ind1='0' ind2=' ' tag='506'><subfield code='f'>Unrestricted online access</subfield><subfield code='2'>star</subfield></datafield><datafield ind1=' ' ind2=' ' tag='520'><subfield code='a'>&quot;Cecilia Vicuña: Seehearing the Enlightened Failure was published on occasion of the exhibition Cecilia Vicuña. Seehearing the Enlightened Failure (February 8 to August 2, 2020) muac, Museo Universitario Arte Contemporáneo. unam, Universidad Nacional Autónoma de México, Mexico City; (May 26 to November 24, 2019) Witte de With Center for Contemporary Art, Rotterdam. This retrospective exhibition brings together over a hundred works by the poet, visual artist, and activist Cecilia Vicuña. Since the 1960s, the artist has constituted a radical perspective on the relationship between art and politics through her writing and art making. She has done so in different parts of the world, leaving her native Chile for London in 1973, before basing herself in the United States since 1980.&quot;--</subfield><subfield code='c'>provided by distributor.</subfield></datafield><datafield ind1=' ' ind2=' ' tag='540'><subfield code='a'>Standard Copyright.</subfield></datafield><datafield ind1='0' ind2='z' tag='588'><subfield code='a'>Description from resource landing page (Library Stack, viewed on 09/29/2025).</subfield></datafield><datafield ind1='1' ind2='0' tag='650'><subfield code='a'>Artists.</subfield></datafield><datafield ind1='1' ind2='0' tag='650'><subfield code='a'>Feminism and art.</subfield></datafield><datafield ind1='1' ind2='0' tag='650'><subfield code='a'>Performance art.</subfield></datafield><datafield ind1='1' ind2='7' tag='650'><subfield code='a'>Artists.</subfield><subfield code='2'>fast</subfield><subfield code='0'>(OCoLC)fst00817559</subfield></datafield><datafield ind1='1' ind2='7' tag='650'><subfield code='a'>Feminism and art.</subfield><subfield code='2'>fast</subfield><subfield code='0'>(OCoLC)fst00922727</subfield></datafield><datafield ind1='1' ind2='7' tag='650'><subfield code='a'>Performance art.</subfield><subfield code='2'>fast</subfield><subfield code='0'>(OCoLC)fst01057852</subfield></datafield><datafield ind1=' ' ind2='0' tag='655'><subfield code='a'>Exhibition catalogs.</subfield></datafield><datafield ind1=' ' ind2='7' tag='655'><subfield code='a'>Exhibition catalogs.</subfield><subfield code='2'>fast</subfield><subfield code='0'>(OCoLC)fst01424028</subfield></datafield><datafield ind1='1' ind2=' ' tag='700'><subfield code='a'>Aranda, Andrea Valencia,</subfield><subfield code='e'>Editor.</subfield></datafield><datafield ind1='1' ind2=' ' tag='700'><subfield code='a'>Beckwith, Tony,</subfield><subfield code='e'>Translator.</subfield></datafield><datafield ind1='1' ind2=' ' tag='700'><subfield code='a'>Cohen, Raquel Achar,</subfield><subfield code='e'>Contributor.</subfield></datafield><datafield ind1='1' ind2=' ' tag='700'><subfield code='a'>Fraser, Valerie,</subfield><subfield code='e'>Author.</subfield></datafield><datafield ind1='1' ind2=' ' tag='700'><subfield code='a'>García, Vanessa López,</subfield><subfield code='e'>Editor,</subfield><subfield code='e'>Proofreader.</subfield></datafield><datafield ind1='1' ind2=' ' tag='700'><subfield code='a'>Lippard, Lucy R.,</subfield><subfield code='e'>Author.</subfield></datafield><datafield ind1='1' ind2=' ' tag='700'><subfield code='a'>Xanic López, Ana,</subfield><subfield code='e'>Editor,</subfield><subfield code='e'>Proofreader.</subfield></datafield><datafield ind1='1' ind2=' ' tag='700'><subfield code='a'>López, Miguel A.,</subfield><subfield code='e'>Editor,</subfield><subfield code='e'>Author,</subfield><subfield code='e'>Translator.</subfield></datafield><datafield ind1='1' ind2=' ' tag='700'><subfield code='a'>Neuhouser, Julianna,</subfield><subfield code='e'>Proofreader,</subfield><subfield code='e'>Translator.</subfield></datafield><datafield ind1='1' ind2=' ' tag='700'><subfield code='a'>Paoli, Cristina,</subfield><subfield code='e'>Contributor.</subfield></datafield><datafield ind1='1' ind2=' ' tag='700'><subfield code='a'>París, Daniel Saldaña,</subfield><subfield code='e'>Proofreader,</subfield><subfield code='e'>Translator.</subfield></datafield><datafield ind1='1' ind2=' ' tag='700'><subfield code='a'>Álvarez Romero, Ekaterina,</subfield><subfield code='e'>Editor.</subfield></datafield><datafield ind1='1' ind2=' ' tag='700'><subfield code='a'>Vicuña, Cecilia,</subfield><subfield code='e'>Author.</subfield></datafield><datafield ind1='1' ind2=' ' tag='700'><subfield code='a'>Zermeño, Jimena,</subfield><subfield code='e'>Proofreader.</subfield></datafield><datafield ind1='2' ind2=' ' tag='710'><subfield code='a'>Library Stack,</subfield><subfield code='e'>distributor.</subfield></datafield><datafield ind1='2' ind2=' ' tag='710'><subfield code='a'>Tribu No,</subfield><subfield code='e'>Author.</subfield></datafield><datafield ind1=' ' ind2=' ' tag='906'><subfield code='a'>BOOK</subfield></datafield><datafield ind1=' ' ind2=' ' tag='AVE'><subfield code='8'>531094804590006421</subfield><subfield code='c'>611094651680006421</subfield><subfield code='e'>Available</subfield><subfield code='m'>Library Stack</subfield><subfield code='t'>Library Stack</subfield><subfield code='a'>01PRI_INST</subfield><subfield code='0'>99131692997406421</subfield></datafield></record>