
<record><leader>01737cam a22003974a 4500</leader><controlfield tag='001'>9955590973506421</controlfield><controlfield tag='005'>20240718064829.0</controlfield><controlfield tag='008'>071217s2009    nyua     b    001 0 eng^^</controlfield><datafield ind1=' ' ind2=' ' tag='010'><subfield code='a'>2007051729</subfield></datafield><datafield ind1=' ' ind2=' ' tag='020'><subfield code='a'>9780415980326 (the set. : alk. paper)</subfield></datafield><datafield ind1=' ' ind2=' ' tag='020'><subfield code='a'>0415980321 (the set. : alk. paper)</subfield></datafield><datafield ind1=' ' ind2=' ' tag='020'><subfield code='a'>9780415980302 (volume 1 : alk. paper)</subfield></datafield><datafield ind1=' ' ind2=' ' tag='020'><subfield code='a'>0415980305 (volume 1 : alk. paper)</subfield></datafield><datafield ind1=' ' ind2=' ' tag='020'><subfield code='a'>9780415980319 (volume 2 : alk. paper)</subfield></datafield><datafield ind1=' ' ind2=' ' tag='020'><subfield code='a'>0415980313 (volume 2 : alk. paper)</subfield></datafield><datafield ind1=' ' ind2=' ' tag='035'><subfield code='a'>(DLC) 2007051729</subfield></datafield><datafield ind1=' ' ind2=' ' tag='035'><subfield code='a'>(NjP)5559097-princetondb</subfield></datafield><datafield ind1=' ' ind2=' ' tag='035'><subfield code='z'>(NjP)Voyager5559097</subfield></datafield><datafield ind1=' ' ind2=' ' tag='035'><subfield code='a'>(OCoLC)ocn186347928</subfield></datafield><datafield ind1=' ' ind2=' ' tag='040'><subfield code='a'>DLC</subfield><subfield code='b'>eng</subfield><subfield code='c'>DLC</subfield><subfield code='d'>YDX</subfield><subfield code='d'>BAKER</subfield><subfield code='d'>BTCTA</subfield><subfield code='d'>YDXCP</subfield><subfield code='d'>BWX</subfield><subfield code='d'>OCLCG</subfield></datafield><datafield ind1='1' ind2=' ' tag='041'><subfield code='a'>eng</subfield><subfield code='h'>ita</subfield></datafield><datafield ind1=' ' ind2=' ' tag='043'><subfield code='a'>e-it---</subfield></datafield><datafield ind1='0' ind2='0' tag='050'><subfield code='a'>GR177.S5</subfield><subfield code='b'>P425 2009</subfield></datafield><datafield ind1='0' ind2='0' tag='082'><subfield code='a'>398.209458</subfield><subfield code='2'>22</subfield></datafield><datafield ind1='1' ind2=' ' tag='100'><subfield code='a'>Pitrè, Giuseppe,</subfield><subfield code='d'>1841-1916.</subfield><subfield code='0'>http://id.loc.gov/authorities/names/n80093341</subfield></datafield><datafield ind1='1' ind2='0' tag='240'><subfield code='a'>Works.</subfield><subfield code='k'>Selections.</subfield><subfield code='l'>English</subfield><subfield code='f'>2008</subfield></datafield><datafield ind1='1' ind2='4' tag='245'><subfield code='a'>The collected Sicilian folk and fairy tales of Giuseppe Pitrè /</subfield><subfield code='c'>translated and edited by Jack Zipes and Joseph Russo ; illustrated by Carmello Lettere.</subfield></datafield><datafield ind1=' ' ind2=' ' tag='260'><subfield code='a'>New York :</subfield><subfield code='b'>Routledge,</subfield><subfield code='c'>2009.</subfield></datafield><datafield ind1=' ' ind2=' ' tag='300'><subfield code='a'>2 v. (xviii, 1003 p.) :</subfield><subfield code='b'>ill. ;</subfield><subfield code='c'>27 cm.</subfield></datafield><datafield ind1=' ' ind2=' ' tag='504'><subfield code='a'>Includes bibliographical references (p. 979-994) and index.</subfield></datafield><datafield ind1=' ' ind2='0' tag='650'><subfield code='a'>Tales</subfield><subfield code='z'>Italy</subfield><subfield code='z'>Sicily.</subfield></datafield><datafield ind1=' ' ind2='0' tag='650'><subfield code='a'>Folklore</subfield><subfield code='z'>Italy</subfield><subfield code='z'>Sicily.</subfield><subfield code='0'>http://id.loc.gov/authorities/subjects/sh2008120899</subfield></datafield><datafield ind1='1' ind2=' ' tag='700'><subfield code='a'>Zipes, Jack,</subfield><subfield code='d'>1937-</subfield><subfield code='0'>http://id.loc.gov/authorities/names/n80017606</subfield></datafield><datafield ind1='1' ind2=' ' tag='700'><subfield code='a'>Russo, Joseph.</subfield><subfield code='0'>http://id.loc.gov/authorities/names/n92049158</subfield></datafield><datafield ind1=' ' ind2=' ' tag='902'><subfield code='a'>slt</subfield><subfield code='b'>l</subfield><subfield code='6'>a</subfield><subfield code='7'>m</subfield><subfield code='d'>v</subfield><subfield code='f'>1</subfield><subfield code='e'>20081003</subfield></datafield><datafield ind1=' ' ind2=' ' tag='914'><subfield code='a'>(OCoLC)ocn186347928</subfield><subfield code='b'>OCoLC</subfield><subfield code='c'>match</subfield><subfield code='d'>20240710</subfield><subfield code='e'>processed</subfield><subfield code='f'>186347928</subfield></datafield><datafield ind1=' ' ind2=' ' tag='AVA'><subfield code='0'>9955590973506421</subfield><subfield code='8'>22663072850006421</subfield><subfield code='a'>01PRI_INST</subfield><subfield code='b'>firestone</subfield><subfield code='c'>Stacks</subfield><subfield code='d'>GR177.S5 P425 2009</subfield><subfield code='e'>available</subfield><subfield code='f'>2</subfield><subfield code='g'>0</subfield><subfield code='j'>stacks</subfield><subfield code='k'>0</subfield><subfield code='p'>1</subfield><subfield code='q'>Firestone Library</subfield><subfield code='t'>Vol. 1-v. 2</subfield><subfield code='t'></subfield></datafield></record>