
<record><leader>02348cam a22003253u 4500</leader><controlfield tag='001'>99131487861106421</controlfield><controlfield tag='006'>m</controlfield><controlfield tag='007'>cr n</controlfield><controlfield tag='008'>250325r####||||utu|||||o|||||||||||eng d</controlfield><datafield ind1=' ' ind2=' ' tag='035'><subfield code='a'>(Gutenberg)49866</subfield></datafield><datafield ind1=' ' ind2=' ' tag='035'><subfield code='a'>(UtSlPG)49866</subfield></datafield><datafield ind1=' ' ind2=' ' tag='035'><subfield code='a'>(CKB)38616208000041</subfield></datafield><datafield ind1=' ' ind2=' ' tag='035'><subfield code='a'>(EXLCZ)9938616208000041</subfield></datafield><datafield ind1=' ' ind2=' ' tag='040'><subfield code='a'>UtSlPG</subfield></datafield><datafield ind1=' ' ind2='7' tag='041'><subfield code='a'>en</subfield><subfield code='2'>iso639-1</subfield></datafield><datafield ind1=' ' ind2='4' tag='050'><subfield code='a'>TR</subfield></datafield><datafield ind1='1' ind2=' ' tag='100'><subfield code='a'>Schnauss, Julius,</subfield><subfield code='d'>1827-1895</subfield></datafield><datafield ind1='1' ind2='0' tag='245'><subfield code='a'>Collotype and Photo-lithography</subfield></datafield><datafield ind1=' ' ind2='1' tag='264'><subfield code='a'>Salt Lake City, UT :</subfield><subfield code='b'>Project Gutenberg,</subfield></datafield><datafield ind1=' ' ind2=' ' tag='300'><subfield code='a'>1 online resource :</subfield><subfield code='b'>multiple file formats</subfield></datafield><datafield ind1=' ' ind2=' ' tag='336'><subfield code='a'>text</subfield><subfield code='b'>txt</subfield><subfield code='2'>rdacontent</subfield></datafield><datafield ind1=' ' ind2=' ' tag='337'><subfield code='a'>computer</subfield><subfield code='b'>c</subfield><subfield code='2'>rdamedia</subfield></datafield><datafield ind1=' ' ind2=' ' tag='338'><subfield code='a'>online resource</subfield><subfield code='b'>cr</subfield><subfield code='2'>rdacarrier</subfield></datafield><datafield ind1=' ' ind2=' ' tag='500'><subfield code='a'>Reading ease score: 55.5 (10th to 12th grade). Somewhat difficult to read.</subfield></datafield><datafield ind1=' ' ind2=' ' tag='500'><subfield code='a'>Release date is 2015-09-03</subfield></datafield><datafield ind1=' ' ind2=' ' tag='508'><subfield code='a'>Produced by Chris Curnow and the Online Distributed Proofreading Team at http://www.pgdp.net (This file was produced from images generously made available by The Internet Archive)</subfield></datafield><datafield ind1=' ' ind2=' ' tag='520'><subfield code='a'>&quot;Collotype and Photo-lithography&quot; by Julius Schnauss is a scientific publication written in the late 19th century. The work delves into the technical processes behind collotype printing and photo-lithography, providing a comprehensive understanding of the materials, methods, and applications involved in these photographic techniques. It is aimed primarily at professionals and enthusiasts in the fields of photography and printing who seek to enhance their practical knowledge.  The opening of the book sets the stage for a detailed exploration of the chemical processes that underpin collotype and photo-lithography, beginning with the historical context of the bichromate of potassium&apos;s sensitiveness to light, as observed by early pioneers like Mungo Ponton and Fox-Talbot. Schnauss explains how these foundational discoveries led to innovative printing processes, outlining the significant contributions of later researchers. The initial chapters emphasize the chemical interactions, preparation of materials, and essential apparatus involved, providing readers with a clear framework for understanding the intricacies of collotype printing techniques. (This is an automatically generated summary.)</subfield></datafield><datafield ind1=' ' ind2=' ' tag='534'><subfield code='n'>Original publication data not identified</subfield></datafield><datafield ind1=' ' ind2=' ' tag='653'><subfield code='a'>Photolithography</subfield></datafield><datafield ind1=' ' ind2=' ' tag='653'><subfield code='a'>Collotype</subfield></datafield><datafield ind1='1' ind2=' ' tag='700'><subfield code='a'>Middleton, Edwin C.</subfield></datafield><datafield ind1=' ' ind2=' ' tag='AVE'><subfield code='8'>53774146580006421</subfield><subfield code='c'>61753481190006421</subfield><subfield code='e'>Available</subfield><subfield code='m'>Project Gutenberg Online Catalog</subfield><subfield code='t'>Project Gutenberg</subfield><subfield code='a'>01PRI_INST</subfield><subfield code='0'>99131487861106421</subfield></datafield></record>