
<record><leader>01787cam a2200385 i 4500</leader><controlfield tag='001'>9970093433506421</controlfield><controlfield tag='005'>20260620011946.0</controlfield><controlfield tag='007'>hd afa---baca</controlfield><controlfield tag='008'>890318s1889    enka    a     000 0 eng d</controlfield><datafield ind1=' ' ind2=' ' tag='019'><subfield code='a'>592942327</subfield></datafield><datafield ind1=' ' ind2=' ' tag='035'><subfield code='a'>(NjP)7009343-princetondb</subfield></datafield><datafield ind1=' ' ind2=' ' tag='035'><subfield code='z'>(NjP)Voyager7009343</subfield></datafield><datafield ind1=' ' ind2=' ' tag='035'><subfield code='a'>(OCoLC)19388044</subfield></datafield><datafield ind1=' ' ind2=' ' tag='040'><subfield code='a'>FOT</subfield><subfield code='c'>FOT</subfield><subfield code='d'>OCL</subfield><subfield code='d'>OCLCQ</subfield><subfield code='d'>BOS</subfield></datafield><datafield ind1='1' ind2=' ' tag='041'><subfield code='a'>eng</subfield><subfield code='h'>ger</subfield></datafield><datafield ind1='1' ind2='4' tag='050'><subfield code='a'>TR7</subfield><subfield code='b'>.H5M reel 161, no. 1788</subfield></datafield><datafield ind1=' ' ind2=' ' tag='099'><subfield code='a'>MICROFILM S00017</subfield></datafield><datafield ind1='1' ind2=' ' tag='100'><subfield code='a'>Schnauss, Julius.</subfield></datafield><datafield ind1='1' ind2='0' tag='245'><subfield code='a'>Collotype and photo-lithography.</subfield><subfield code='h'>[microform] /</subfield><subfield code='c'>practically elaborated by Dr. Julius Schnauss ; translated, with the author&apos;s sanction and assistance by Edwin C. Middleton ; together with an appendix on steam presses, by the translator.</subfield></datafield><datafield ind1=' ' ind2=' ' tag='260'><subfield code='a'>London :</subfield><subfield code='b'>Iliffe and Son,</subfield><subfield code='c'>[1889]</subfield></datafield><datafield ind1=' ' ind2=' ' tag='300'><subfield code='a'>170 p. :</subfield><subfield code='b'>ill. ;</subfield><subfield code='c'>22 cm.</subfield></datafield><datafield ind1=' ' ind2=' ' tag='500'><subfield code='a'>Translation of Der Licht-Druck und die Photolithographie.</subfield></datafield><datafield ind1=' ' ind2=' ' tag='533'><subfield code='a'>Microfilm.</subfield><subfield code='b'>Woodbridge, Conn. :</subfield><subfield code='c'>Research Publications,</subfield><subfield code='d'>1982.</subfield><subfield code='e'>1 reel ; 35 mm.</subfield><subfield code='f'>(History of photography ; Reel 161, no. 1788).</subfield><subfield code='7'>s1982    ctun a</subfield></datafield><datafield ind1=' ' ind2='0' tag='650'><subfield code='a'>Collotype.</subfield><subfield code='0'>http://id.loc.gov/authorities/subjects/sh85028459</subfield></datafield><datafield ind1=' ' ind2='0' tag='650'><subfield code='a'>Photolithography.</subfield><subfield code='0'>http://id.loc.gov/authorities/subjects/sh85101379</subfield></datafield><datafield ind1=' ' ind2='6' tag='650'><subfield code='a'>Phototypie.</subfield></datafield><datafield ind1=' ' ind2='6' tag='650'><subfield code='a'>Photolithographie.</subfield></datafield><datafield ind1=' ' ind2='7' tag='650'><subfield code='a'>collotype (process)</subfield><subfield code='2'>aat</subfield></datafield><datafield ind1=' ' ind2='7' tag='650'><subfield code='a'>photolithography.</subfield><subfield code='2'>aat</subfield></datafield><datafield ind1=' ' ind2='7' tag='650'><subfield code='a'>Collotype.</subfield><subfield code='2'>fast</subfield><subfield code='0'>(OCoLC)fst00868350</subfield></datafield><datafield ind1=' ' ind2='7' tag='650'><subfield code='a'>Photolithography.</subfield><subfield code='2'>fast</subfield><subfield code='0'>(OCoLC)fst01062032</subfield></datafield><datafield ind1='1' ind2=' ' tag='700'><subfield code='a'>Middleton, Edwin C.</subfield><subfield code='0'>http://id.loc.gov/authorities/names/nr2001045846</subfield></datafield><datafield ind1=' ' ind2='0' tag='830'><subfield code='a'>History of photography ;</subfield><subfield code='v'>Reel 161, no. 1788.</subfield></datafield><datafield ind1=' ' ind2=' ' tag='902'><subfield code='a'>jwl</subfield><subfield code='b'>z</subfield><subfield code='6'>a</subfield><subfield code='7'>m</subfield><subfield code='d'>w</subfield><subfield code='f'>0</subfield><subfield code='e'>20120307</subfield></datafield><datafield ind1=' ' ind2=' ' tag='916'><subfield code='a'>2026-03-12</subfield><subfield code='b'>(OCoLC)19388044</subfield><subfield code='c'>New collection customer.1791.allpul</subfield><subfield code='e'>WorldShare Record Update</subfield><subfield code='f'>processed</subfield></datafield><datafield ind1=' ' ind2=' ' tag='AVA'><subfield code='0'>9970093433506421</subfield><subfield code='8'>22601839050006421</subfield><subfield code='a'>01PRI_INST</subfield><subfield code='b'>marquand</subfield><subfield code='c'>Microforms: Marquand Use Only</subfield><subfield code='d'>MICROFILM S00017</subfield><subfield code='e'>check_holdings</subfield><subfield code='j'>mic</subfield><subfield code='k'>8</subfield><subfield code='p'>1</subfield><subfield code='q'>Marquand Library</subfield></datafield></record>