
<record><leader>02034cam a2200505 a 4500</leader><controlfield tag='001'>9963154773506421</controlfield><controlfield tag='005'>20260616184512.0</controlfield><controlfield tag='008'>850412s1983    flua     b    000 0 eng^^</controlfield><datafield ind1=' ' ind2=' ' tag='010'><subfield code='a'>84184612</subfield></datafield><datafield ind1=' ' ind2=' ' tag='016'><subfield code='a'>(AMICUS)000004832297</subfield></datafield><datafield ind1='1' ind2=' ' tag='029'><subfield code='a'>AU@</subfield><subfield code='b'>000003791838</subfield></datafield><datafield ind1='1' ind2=' ' tag='029'><subfield code='a'>NLC</subfield><subfield code='b'>000004832297</subfield></datafield><datafield ind1='1' ind2=' ' tag='029'><subfield code='a'>NLGGC</subfield><subfield code='b'>853939152</subfield></datafield><datafield ind1='1' ind2=' ' tag='029'><subfield code='a'>NLNZL</subfield><subfield code='b'>991742993502836</subfield></datafield><datafield ind1='1' ind2=' ' tag='029'><subfield code='a'>NZ1</subfield><subfield code='b'>174299</subfield></datafield><datafield ind1='1' ind2=' ' tag='029'><subfield code='a'>NZ1</subfield><subfield code='b'>3042520</subfield></datafield><datafield ind1=' ' ind2=' ' tag='035'><subfield code='a'>(NjP)6315477-princetondb</subfield></datafield><datafield ind1=' ' ind2=' ' tag='035'><subfield code='z'>(NjP)Voyager6315477</subfield></datafield><datafield ind1=' ' ind2=' ' tag='035'><subfield code='a'>(OCoLC)9891273</subfield></datafield><datafield ind1=' ' ind2=' ' tag='040'><subfield code='a'>DLC</subfield><subfield code='b'>eng</subfield><subfield code='c'>DLC</subfield><subfield code='d'>NLGGC</subfield><subfield code='d'>BTCTA</subfield><subfield code='d'>UBY</subfield><subfield code='d'>NjP</subfield></datafield><datafield ind1='0' ind2='0' tag='050'><subfield code='a'>TR930</subfield><subfield code='b'>.C48 1983</subfield></datafield><datafield ind1='1' ind2='4' tag='050'><subfield code='a'>Z232</subfield><subfield code='b'>.An13 1983</subfield></datafield><datafield ind1='0' ind2='0' tag='082'><subfield code='a'>686.2/325</subfield><subfield code='2'>19</subfield></datafield><datafield ind1='1' ind2=' ' tag='100'><subfield code='a'>Chayt, Steven.</subfield><subfield code='0'>http://id.loc.gov/authorities/names/n84229916</subfield></datafield><datafield ind1='1' ind2='0' tag='245'><subfield code='a'>Collotype :</subfield><subfield code='b'>being a history, practicum, bibliography /</subfield><subfield code='c'>compiled by Steven Chayt &amp; Meryl Chayt.</subfield></datafield><datafield ind1=' ' ind2=' ' tag='260'><subfield code='a'>Winter Haven, Fla. :</subfield><subfield code='b'>Anachronic Editions,</subfield><subfield code='c'>1983.</subfield></datafield><datafield ind1=' ' ind2=' ' tag='300'><subfield code='a'>102 p. :</subfield><subfield code='b'>ill. (some col.) ;</subfield><subfield code='c'>30 cm.</subfield></datafield><datafield ind1=' ' ind2=' ' tag='500'><subfield code='a'>&quot;Edition of eighty-five&quot;--Colophon.</subfield></datafield><datafield ind1=' ' ind2=' ' tag='500'><subfield code='3'>GAX copy:</subfield><subfield code='a'>No. 59.</subfield><subfield code='5'>NjP</subfield></datafield><datafield ind1=' ' ind2=' ' tag='504'><subfield code='a'>Bibliography: p. 55-64.</subfield></datafield><datafield ind1=' ' ind2='0' tag='650'><subfield code='a'>Collotype.</subfield><subfield code='0'>http://id.loc.gov/authorities/subjects/sh85028459</subfield></datafield><datafield ind1=' ' ind2='0' tag='650'><subfield code='a'>Heliotype.</subfield><subfield code='0'>http://id.loc.gov/authorities/subjects/sh85060039</subfield></datafield><datafield ind1=' ' ind2='0' tag='650'><subfield code='a'>Photomechanical processes</subfield><subfield code='x'>History.</subfield></datafield><datafield ind1=' ' ind2='6' tag='650'><subfield code='a'>Phototypie.</subfield></datafield><datafield ind1=' ' ind2='6' tag='650'><subfield code='a'>Procédés photomécaniques</subfield><subfield code='x'>Histoire.</subfield></datafield><datafield ind1=' ' ind2='7' tag='650'><subfield code='a'>collotype (process)</subfield><subfield code='2'>aat</subfield></datafield><datafield ind1=' ' ind2='7' tag='650'><subfield code='a'>Collotype.</subfield><subfield code='2'>fast</subfield><subfield code='0'>(OCoLC)fst00868350</subfield></datafield><datafield ind1=' ' ind2='7' tag='650'><subfield code='a'>Heliotype.</subfield><subfield code='2'>fast</subfield><subfield code='0'>(OCoLC)fst00954703</subfield></datafield><datafield ind1=' ' ind2='7' tag='650'><subfield code='a'>Photomechanical processes.</subfield><subfield code='2'>fast</subfield><subfield code='0'>(OCoLC)fst01062039</subfield></datafield><datafield ind1='1' ind2='7' tag='650'><subfield code='a'>Fototypie.</subfield><subfield code='2'>gtt</subfield></datafield><datafield ind1='1' ind2=' ' tag='700'><subfield code='a'>Chayt, Meryl.</subfield><subfield code='0'>http://id.loc.gov/authorities/names/n84229917</subfield></datafield><datafield ind1=' ' ind2=' ' tag='902'><subfield code='a'>vp</subfield><subfield code='b'>l</subfield><subfield code='6'>a</subfield><subfield code='7'>m</subfield><subfield code='d'>v</subfield><subfield code='f'>1</subfield><subfield code='e'>20110103</subfield></datafield><datafield ind1=' ' ind2=' ' tag='904'><subfield code='a'>llb</subfield><subfield code='b'>o</subfield><subfield code='h'>m</subfield><subfield code='c'>b</subfield><subfield code='e'>20101108</subfield></datafield><datafield ind1=' ' ind2=' ' tag='914'><subfield code='a'>(OCoLC)ocm09891273</subfield><subfield code='b'>OCoLC</subfield><subfield code='c'>match</subfield><subfield code='d'>20251105</subfield><subfield code='e'>processed</subfield><subfield code='f'>9891273</subfield></datafield><datafield ind1=' ' ind2=' ' tag='916'><subfield code='a'>2026-03-12</subfield><subfield code='b'>(OCoLC)9891273</subfield><subfield code='c'>New collection customer.1791.allpul</subfield><subfield code='d'>9963154773506421</subfield><subfield code='e'>WorldShare Record Update</subfield><subfield code='f'>processed</subfield></datafield><datafield ind1=' ' ind2=' ' tag='AVA'><subfield code='0'>9963154773506421</subfield><subfield code='8'>22736191270006421</subfield><subfield code='a'>01PRI_INST</subfield><subfield code='b'>rare</subfield><subfield code='c'>Graphic Arts Collection</subfield><subfield code='d'>Oversize 2011-0005Q</subfield><subfield code='e'>available</subfield><subfield code='f'>1</subfield><subfield code='g'>0</subfield><subfield code='j'>gax</subfield><subfield code='k'>8</subfield><subfield code='p'>1</subfield><subfield code='q'>Special Collections</subfield></datafield></record>