
<record><leader>02898cam a22005051  4500</leader><controlfield tag='001'>9923273713506421</controlfield><controlfield tag='005'>20260617035325.0</controlfield><controlfield tag='008'>930728s1904    enkfh         000 0 eng^^</controlfield><datafield ind1=' ' ind2=' ' tag='010'><subfield code='a'>05013946</subfield></datafield><datafield ind1='7' ind2=' ' tag='016'><subfield code='a'>008238781</subfield><subfield code='2'>Uk</subfield></datafield><datafield ind1=' ' ind2=' ' tag='019'><subfield code='a'>79561800</subfield><subfield code='a'>875070162</subfield><subfield code='a'>912941095</subfield><subfield code='a'>960051821</subfield><subfield code='a'>1017362936</subfield><subfield code='a'>1176085833</subfield><subfield code='a'>1553115000</subfield></datafield><datafield ind1='1' ind2=' ' tag='029'><subfield code='a'>AU@</subfield><subfield code='b'>000011825519</subfield></datafield><datafield ind1='1' ind2=' ' tag='029'><subfield code='a'>GEBAY</subfield><subfield code='b'>6548121</subfield></datafield><datafield ind1='1' ind2=' ' tag='029'><subfield code='a'>NLNZL</subfield><subfield code='b'>9917804503502836</subfield></datafield><datafield ind1='1' ind2=' ' tag='029'><subfield code='a'>NZ1</subfield><subfield code='b'>1780450</subfield></datafield><datafield ind1=' ' ind2=' ' tag='035'><subfield code='9'>CKV8674TS</subfield></datafield><datafield ind1=' ' ind2=' ' tag='035'><subfield code='a'>(NjP)2327371-princetondb</subfield></datafield><datafield ind1=' ' ind2=' ' tag='035'><subfield code='z'>(NjP)Voyager2327371</subfield></datafield><datafield ind1=' ' ind2=' ' tag='035'><subfield code='a'>(OCoLC)6299095</subfield></datafield><datafield ind1=' ' ind2=' ' tag='040'><subfield code='a'>DLC</subfield><subfield code='b'>eng</subfield><subfield code='c'>DLC</subfield><subfield code='d'>PUL</subfield></datafield><datafield ind1='0' ind2='0' tag='050'><subfield code='a'>PR2204</subfield><subfield code='b'>.B8</subfield></datafield><datafield ind1='0' ind2='0' tag='245'><subfield code='a'>Collotype facsimile &amp; type transcript of an Elizabethan manuscript preserved at Alnwick castle, Northumberland ...</subfield><subfield code='c'>Transcribed and ed. with notes and introduction by Frank J. Burgoyne ...</subfield></datafield><datafield ind1=' ' ind2=' ' tag='260'><subfield code='a'>London, New York and Bombay,</subfield><subfield code='b'>Longmans, Green, and co.,</subfield><subfield code='c'>1904.</subfield></datafield><datafield ind1=' ' ind2=' ' tag='300'><subfield code='a'>xxiv, 166 p.,</subfield><subfield code='b'>facsim.: 90 [i.e. 92] p. pl.,</subfield><subfield code='c'>33 cm.</subfield></datafield><datafield ind1='0' ind2=' ' tag='505'><subfield code='a'>[Introduction]--Of tribute, or giving what is due, by Francis Bacon.--Of magnaminitie, by Francis Bacon.--Advertisement touching private censure, by Francis Bacon.--Advertisement touching the controversies of the Church, by Francis Bacon.--Letter to a French gentleman touching the proceedings in England in ecclesiastical causes, by Francis Bacon.--Speech of the Earl of Sussex.--Letter from Sir Philip Sidney to Queen Elizabeth on her proposed marriage to the Duke of Anjou.--Leicesters commonwealth.</subfield></datafield><datafield ind1=' ' ind2=' ' tag='590'><subfield code='a'>Limited ed.</subfield></datafield><datafield ind1=' ' ind2='7' tag='655'><subfield code='a'>Facsimiles.</subfield><subfield code='2'>lcgft</subfield><subfield code='0'>http://id.loc.gov/authorities/genreForms/gf2014026099</subfield></datafield><datafield ind1=' ' ind2='7' tag='648'><subfield code='a'>1558 - 1603</subfield><subfield code='2'>fast</subfield></datafield><datafield ind1=' ' ind2='0' tag='650'><subfield code='a'>Manuscripts, English</subfield><subfield code='v'>Facsimiles.</subfield></datafield><datafield ind1=' ' ind2='6' tag='650'><subfield code='a'>Manuscrits anglais</subfield><subfield code='v'>Fac-similés.</subfield></datafield><datafield ind1=' ' ind2='7' tag='650'><subfield code='a'>History</subfield><subfield code='x'>Sources</subfield><subfield code='2'>fast</subfield></datafield><datafield ind1=' ' ind2='7' tag='650'><subfield code='a'>Manuscripts, English</subfield><subfield code='2'>fast</subfield></datafield><datafield ind1=' ' ind2='0' tag='651'><subfield code='a'>Great Britain</subfield><subfield code='x'>History</subfield><subfield code='y'>Elizabeth, 1558-1603</subfield><subfield code='x'>Sources</subfield><subfield code='v'>Facsimiles.</subfield></datafield><datafield ind1=' ' ind2='6' tag='651'><subfield code='a'>Grande-Bretagne</subfield><subfield code='x'>Histoire</subfield><subfield code='y'>1558-1603 (Élisabeth Ire)</subfield><subfield code='x'>Sources</subfield><subfield code='v'>Fac-similés.</subfield></datafield><datafield ind1=' ' ind2='7' tag='651'><subfield code='a'>Great Britain</subfield><subfield code='2'>fast</subfield><subfield code='1'>https://id.oclc.org/worldcat/entity/E39PBJdmp7p3cx8hpmJ8HvmTpP</subfield></datafield><datafield ind1='1' ind2=' ' tag='700'><subfield code='a'>Bacon, Francis,</subfield><subfield code='d'>1561-1626.</subfield><subfield code='0'>http://id.loc.gov/authorities/names/n79100235</subfield></datafield><datafield ind1='1' ind2=' ' tag='700'><subfield code='a'>Burgoyne, Frank J.</subfield><subfield code='q'>(Frank James),</subfield><subfield code='d'>-1913.</subfield><subfield code='0'>http://id.loc.gov/authorities/names/n93072121</subfield></datafield><datafield ind1='1' ind2=' ' tag='700'><subfield code='a'>Sidney, Philip,</subfield><subfield code='d'>1554-1586.</subfield><subfield code='0'>http://id.loc.gov/authorities/names/n79018045</subfield></datafield><datafield ind1='0' ind2='2' tag='730'><subfield code='a'>Leycesters commonwealth.</subfield><subfield code='0'>http://id.loc.gov/authorities/names/n84214230</subfield></datafield><datafield ind1='0' ind2=' ' tag='740'><subfield code='a'>Northumberland manuscripts.</subfield></datafield><datafield ind1='0' ind2=' ' tag='852'><subfield code='b'>f</subfield><subfield code='h'>PR2204</subfield><subfield code='i'>.B8 1904q</subfield><subfield code='p'>2619665</subfield><subfield code='x'>reclassed from: 1026.683q</subfield></datafield><datafield ind1=' ' ind2=' ' tag='911'><subfield code='a'>19990626</subfield></datafield><datafield ind1=' ' ind2=' ' tag='914'><subfield code='a'>(OCoLC)ocm06299095</subfield><subfield code='b'>OCoLC</subfield><subfield code='c'>field transfer</subfield><subfield code='d'>20221117</subfield><subfield code='e'>processed</subfield><subfield code='f'>6299095</subfield></datafield><datafield ind1=' ' ind2=' ' tag='916'><subfield code='a'>2026-03-12</subfield><subfield code='b'>(OCoLC)6299095</subfield><subfield code='c'>New collection customer.1791.allpul</subfield><subfield code='d'>9923273713506421</subfield><subfield code='e'>WorldShare Record Update</subfield><subfield code='f'>processed</subfield></datafield><datafield ind1=' ' ind2=' ' tag='945'><subfield code='a'>F</subfield><subfield code='b'>1</subfield><subfield code='c'>1026.683q</subfield></datafield><datafield ind1=' ' ind2=' ' tag='AVA'><subfield code='0'>9923273713506421</subfield><subfield code='8'>22599530210006421</subfield><subfield code='a'>01PRI_INST</subfield><subfield code='b'>recap</subfield><subfield code='c'>Remote Storage</subfield><subfield code='d'>Oversize PR2204 .B8 1904q</subfield><subfield code='e'>available</subfield><subfield code='f'>1</subfield><subfield code='g'>0</subfield><subfield code='j'>pa</subfield><subfield code='k'>0</subfield><subfield code='p'>1</subfield><subfield code='q'>ReCAP</subfield></datafield></record>