
<record><leader>04547nam  22006254a 4500</leader><controlfield tag='001'>99125300742306421</controlfield><controlfield tag='005'>20240828105108.0</controlfield><controlfield tag='006'>m     o  d |</controlfield><controlfield tag='007'>cr#|n|---|||||</controlfield><controlfield tag='008'>050125s2005    mauab   ob    001 0 eng^^</controlfield><datafield ind1=' ' ind2=' ' tag='020'><subfield code='a'>9786610285891</subfield></datafield><datafield ind1=' ' ind2=' ' tag='020'><subfield code='a'>9781280285899</subfield></datafield><datafield ind1=' ' ind2=' ' tag='020'><subfield code='a'>1280285893</subfield></datafield><datafield ind1=' ' ind2=' ' tag='020'><subfield code='a'>9781780341583</subfield></datafield><datafield ind1=' ' ind2=' ' tag='020'><subfield code='a'>178034158X</subfield></datafield><datafield ind1=' ' ind2=' ' tag='020'><subfield code='a'>9781405165778</subfield></datafield><datafield ind1=' ' ind2=' ' tag='020'><subfield code='a'>1405165774</subfield></datafield><datafield ind1=' ' ind2=' ' tag='020'><subfield code='a'>9780470996423</subfield></datafield><datafield ind1=' ' ind2=' ' tag='020'><subfield code='a'>0470996420</subfield></datafield><datafield ind1=' ' ind2=' ' tag='020'><subfield code='a'>9781405152044</subfield></datafield><datafield ind1=' ' ind2=' ' tag='020'><subfield code='a'>1405152044</subfield></datafield><datafield ind1=' ' ind2=' ' tag='035'><subfield code='a'>(CKB)1000000000342145</subfield></datafield><datafield ind1=' ' ind2=' ' tag='035'><subfield code='a'>(EBL)243567</subfield></datafield><datafield ind1=' ' ind2=' ' tag='035'><subfield code='a'>(OCoLC)437159287</subfield></datafield><datafield ind1=' ' ind2=' ' tag='035'><subfield code='a'>(SSID)ssj0000126202</subfield></datafield><datafield ind1=' ' ind2=' ' tag='035'><subfield code='a'>(PQKBManifestationID)11143610</subfield></datafield><datafield ind1=' ' ind2=' ' tag='035'><subfield code='a'>(PQKBTitleCode)TC0000126202</subfield></datafield><datafield ind1=' ' ind2=' ' tag='035'><subfield code='a'>(PQKBWorkID)10030926</subfield></datafield><datafield ind1=' ' ind2=' ' tag='035'><subfield code='a'>(PQKB)10750577</subfield></datafield><datafield ind1=' ' ind2=' ' tag='035'><subfield code='a'>(MiAaPQ)EBC243567</subfield></datafield><datafield ind1=' ' ind2=' ' tag='035'><subfield code='a'>(MiAaPQ)EBC4956240</subfield></datafield><datafield ind1=' ' ind2=' ' tag='035'><subfield code='a'>(Au-PeEL)EBL243567</subfield></datafield><datafield ind1=' ' ind2=' ' tag='035'><subfield code='a'>(CaPaEBR)ebr10158714</subfield></datafield><datafield ind1=' ' ind2=' ' tag='035'><subfield code='a'>(Au-PeEL)EBL4956240</subfield></datafield><datafield ind1=' ' ind2=' ' tag='035'><subfield code='a'>(CaONFJC)MIL28589</subfield></datafield><datafield ind1=' ' ind2=' ' tag='035'><subfield code='a'>(OCoLC)1027198469</subfield></datafield><datafield ind1=' ' ind2=' ' tag='035'><subfield code='a'>(Perlego)2749056</subfield></datafield><datafield ind1=' ' ind2=' ' tag='035'><subfield code='a'>(EXLCZ)991000000000342145</subfield></datafield><datafield ind1=' ' ind2=' ' tag='040'><subfield code='a'>MiAaPQ</subfield><subfield code='b'>eng</subfield><subfield code='e'>rda</subfield><subfield code='e'>pn</subfield><subfield code='c'>MiAaPQ</subfield><subfield code='d'>MiAaPQ</subfield></datafield><datafield ind1=' ' ind2=' ' tag='041'><subfield code='a'>eng</subfield></datafield><datafield ind1=' ' ind2=' ' tag='043'><subfield code='a'>aw-----</subfield></datafield><datafield ind1=' ' ind2='4' tag='050'><subfield code='a'>DS62</subfield><subfield code='b'>.C63 2005</subfield></datafield><datafield ind1='0' ind2=' ' tag='082'><subfield code='a'>956</subfield><subfield code='2'>22</subfield></datafield><datafield ind1='0' ind2='2' tag='245'><subfield code='a'>A companion to the history of the Middle East /</subfield><subfield code='c'>edited by Youssef M. Choueiri.</subfield></datafield><datafield ind1=' ' ind2=' ' tag='260'><subfield code='a'>Malden, MA :</subfield><subfield code='b'>Blackwell Pub. Ltd,</subfield><subfield code='c'>2005.</subfield></datafield><datafield ind1=' ' ind2=' ' tag='300'><subfield code='a'>1 online resource (623 p.)</subfield></datafield><datafield ind1=' ' ind2=' ' tag='336'><subfield code='a'>text</subfield><subfield code='b'>txt</subfield></datafield><datafield ind1=' ' ind2=' ' tag='337'><subfield code='a'>computer</subfield><subfield code='b'>c</subfield></datafield><datafield ind1=' ' ind2=' ' tag='338'><subfield code='a'>online resource</subfield><subfield code='b'>cr</subfield></datafield><datafield ind1='1' ind2=' ' tag='490'><subfield code='a'>Blackwell companions to world history</subfield></datafield><datafield ind1=' ' ind2=' ' tag='500'><subfield code='a'>Description based upon print version of record.</subfield></datafield><datafield ind1=' ' ind2=' ' tag='520'><subfield code='a'>A Companion to the History of the Middle East offers a fresh account of the multifaceted and multi-layered history of this region. A fresh account of the multifaceted and multi-layered history of the Middle EastComprises 26 newly-commissioned essays by leading international scholarsPrimarily focused on the modern and contemporary periodsCovers religious, social, cultural, economic, political and military historyTreats the region as four differentiated political units - Iran, Turkey, Israel and the Arab worldIncludes a section on</subfield></datafield><datafield ind1=' ' ind2=' ' tag='546'><subfield code='a'>English</subfield></datafield><datafield ind1=' ' ind2=' ' tag='588'><subfield code='a'>Description based on publisher supplied metadata and other sources.</subfield></datafield><datafield ind1=' ' ind2=' ' tag='504'><subfield code='a'>Includes bibliographical references (p. [534]-581) and index.</subfield></datafield><datafield ind1='0' ind2=' ' tag='505'><subfield code='a'>Introduction / Youseff M. Choueiri -- The formative period of Islam -- The rise of Islam / Gerald R. Hawting -- The Islamic conquests / Fred M. Donner -- The caliphate / Hugh Kennedy -- Cultural traditions and social structure -- The °ulamaa: function and status / Zouhair Ghazzal -- Shī°ism / Robert Gleave -- Historiography of Sufi studies in the West / Alexander Knysh -- Imperial structures and dynastic rule -- Military patronage states and the political economy of the frontier, 1000-1250 / Michael Chamberlain -- The Mamluk institution / P.M. Holt -- State and society in North Africa / Michael Brett -- A new Middle Eastern system -- Ottomans and Safavids: states, statecraft, and societies, 1500-1800 / Metin Kunt -- Urban life and Middle Eastern cities: the traditional Arab city / André Raymond (translated James McDougall) -- The Middle East and the new world order -- A different balance of power: European expansionism and the Middle East in the eighteenth and nineteenth centuries / Abdul-Karim Rafeq -- Colonialism, the Qajars and the struggle for independence: the Arab world, Turkey, and Iran / Peter Sluglett -- Independence and nation building -- Zionism and the Palestine question / Emma C. Murphy -- Nationalisms in the Middle East: the case of Pan-Arabism / Youssef M. Choueiri -- Turkish and Iranian nationalisms / Ioannis N. Grigoriadis and Ali M. Ansari -- Political parties and trade unions / Raymond Hinnebusch -- Political life and the military / Gareth Stansfield -- Political economy: from modernisation to globalisation / Simon Murden -- Modern issues and contemporary challenges -- Islamic urbanism, urbanites, and the Middle Eastern city / Michael E. Bonine -- Oil and development / Paul Stevens -- Modernizing women in the Middle East / Valentine M. Moghadam -- Politics and religion / Beverley Milton-Edwards -- Ethno-national minorities in the Middle East: Berbers, Kurds, and Palestinians / Lise Storm -- Civil society in the Middle East / Tim Niblock -- The states-system in the Middle East: origins, developments, and prospects / Simon Bromley.</subfield></datafield><datafield ind1=' ' ind2='0' tag='651'><subfield code='a'>Middle East</subfield><subfield code='x'>History.</subfield></datafield><datafield ind1='1' ind2=' ' tag='700'><subfield code='a'>Choueiri, Youssef M.,</subfield><subfield code='d'>1948-</subfield></datafield><datafield ind1='1' ind2=' ' tag='776'><subfield code='z'>9781405183796</subfield></datafield><datafield ind1='1' ind2=' ' tag='776'><subfield code='z'>1405183799</subfield></datafield><datafield ind1='1' ind2=' ' tag='776'><subfield code='z'>9781405106818</subfield></datafield><datafield ind1='1' ind2=' ' tag='776'><subfield code='z'>1405106816</subfield></datafield><datafield ind1=' ' ind2='0' tag='830'><subfield code='a'>Blackwell companions to world history.</subfield></datafield><datafield ind1=' ' ind2=' ' tag='906'><subfield code='a'>BOOK</subfield></datafield><datafield ind1=' ' ind2=' ' tag='AVE'><subfield code='8'>53796176890006421</subfield><subfield code='c'>61753484670006421</subfield><subfield code='e'>Available</subfield><subfield code='m'>Blackwell Reference Online Complete</subfield><subfield code='t'>Wiley-Blackwell</subfield><subfield code='a'>01PRI_INST</subfield><subfield code='0'>99125300742306421</subfield></datafield><datafield ind1=' ' ind2=' ' tag='AVE'><subfield code='8'>53892187720006421</subfield><subfield code='c'>61889859990006421</subfield><subfield code='e'>Available</subfield><subfield code='m'>Ebook Central Perpetual, DDA and Subscription Titles</subfield><subfield code='t'>Ebook Central</subfield><subfield code='a'>01PRI_INST</subfield><subfield code='0'>99125300742306421</subfield></datafield></record>