
<record><leader>01021cam a2200529 a 4500</leader><controlfield tag='001'>9947084363506421</controlfield><controlfield tag='005'>20240718052812.0</controlfield><controlfield tag='008'>020912s2002    sp            000 f spa^^</controlfield><datafield ind1=' ' ind2=' ' tag='010'><subfield code='a'>2003400725</subfield></datafield><datafield ind1='7' ind2=' ' tag='016'><subfield code='a'>013632473</subfield><subfield code='2'>Uk</subfield></datafield><datafield ind1=' ' ind2=' ' tag='020'><subfield code='a'>843970853X</subfield></datafield><datafield ind1=' ' ind2=' ' tag='020'><subfield code='a'>9788439708537</subfield></datafield><datafield ind1='1' ind2=' ' tag='029'><subfield code='a'>AU@</subfield><subfield code='b'>000024453667</subfield></datafield><datafield ind1='1' ind2=' ' tag='029'><subfield code='a'>I5B</subfield><subfield code='b'>151709</subfield></datafield><datafield ind1=' ' ind2=' ' tag='035'><subfield code='a'>(NjP)4708436-princetondb</subfield></datafield><datafield ind1=' ' ind2=' ' tag='035'><subfield code='z'>(NjP)Voyager4708436</subfield></datafield><datafield ind1=' ' ind2=' ' tag='035'><subfield code='a'>(OCoLC)ocm50604169</subfield></datafield><datafield ind1=' ' ind2=' ' tag='040'><subfield code='a'>DLC</subfield><subfield code='b'>eng</subfield><subfield code='c'>DLC</subfield><subfield code='d'>PL#</subfield><subfield code='d'>I5B</subfield><subfield code='d'>GZM</subfield><subfield code='d'>TEF</subfield><subfield code='d'>IQU</subfield><subfield code='d'>TEF</subfield><subfield code='d'>BAKER</subfield></datafield><datafield ind1=' ' ind2=' ' tag='042'><subfield code='a'>pcc</subfield></datafield><datafield ind1=' ' ind2='4' tag='050'><subfield code='a'>PQ7440.S26</subfield><subfield code='b'>C83 2002</subfield></datafield><datafield ind1='0' ind2='4' tag='082'><subfield code='a'>863/.7</subfield><subfield code='2'>22</subfield></datafield><datafield ind1='1' ind2=' ' tag='100'><subfield code='a'>Santos-Febres, Mayra,</subfield><subfield code='d'>1966-</subfield><subfield code='0'>http://id.loc.gov/authorities/names/n97008809</subfield></datafield><datafield ind1='1' ind2='0' tag='245'><subfield code='a'>Cualquier miércoles soy tuya /</subfield><subfield code='c'>Mayra Santos-Febres.</subfield></datafield><datafield ind1=' ' ind2=' ' tag='250'><subfield code='a'>1. ed.</subfield></datafield><datafield ind1=' ' ind2=' ' tag='260'><subfield code='a'>Barcelona :</subfield><subfield code='b'>Mondadori,</subfield><subfield code='c'>2002.</subfield></datafield><datafield ind1=' ' ind2=' ' tag='300'><subfield code='a'>239 p. ;</subfield><subfield code='c'>23 cm.</subfield></datafield><datafield ind1='1' ind2=' ' tag='490'><subfield code='a'>Literatura Mondadori ;</subfield><subfield code='v'>190</subfield></datafield><datafield ind1=' ' ind2='7' tag='655'><subfield code='a'>Novels.</subfield><subfield code='2'>lcgft</subfield><subfield code='0'>http://id.loc.gov/authorities/genreForms/gf2015026020</subfield></datafield><datafield ind1=' ' ind2='7' tag='648'><subfield code='a'>1900-1999</subfield><subfield code='2'>fast</subfield></datafield><datafield ind1=' ' ind2='0' tag='650'><subfield code='a'>Puerto Rican fiction</subfield><subfield code='y'>20th century.</subfield></datafield><datafield ind1=' ' ind2='6' tag='650'><subfield code='a'>Roman portoricain</subfield><subfield code='y'>20e siècle.</subfield></datafield><datafield ind1=' ' ind2='7' tag='650'><subfield code='a'>Novela puertorriqueña</subfield><subfield code='y'>Siglo XX.</subfield><subfield code='2'>bidex</subfield></datafield><datafield ind1=' ' ind2='7' tag='650'><subfield code='a'>Puerto Rican fiction</subfield><subfield code='2'>fast</subfield></datafield><datafield ind1=' ' ind2='7' tag='650'><subfield code='a'>Novela puertorriqueña</subfield><subfield code='y'>Siglo XX.</subfield><subfield code='2'>qlsp</subfield></datafield><datafield ind1=' ' ind2='0' tag='651'><subfield code='a'>Puerto Rican fiction</subfield><subfield code='y'>20th century</subfield><subfield code='v'>Spanish language.</subfield></datafield><datafield ind1=' ' ind2='7' tag='651'><subfield code='a'>France</subfield><subfield code='2'>fast</subfield><subfield code='1'>https://id.oclc.org/worldcat/entity/E39PBJd8gD4vdtqQMdQHvYqbBP</subfield></datafield><datafield ind1=' ' ind2='0' tag='830'><subfield code='a'>Literatura Mondadori ;</subfield><subfield code='v'>190.</subfield><subfield code='0'>http://id.loc.gov/authorities/names/n94055286</subfield></datafield><datafield ind1=' ' ind2=' ' tag='902'><subfield code='a'>an</subfield><subfield code='b'>l</subfield><subfield code='6'>a</subfield><subfield code='7'>m</subfield><subfield code='d'>v</subfield><subfield code='f'>1</subfield><subfield code='e'>20060621</subfield></datafield><datafield ind1=' ' ind2=' ' tag='904'><subfield code='a'>knp</subfield><subfield code='b'>o</subfield><subfield code='h'>m</subfield><subfield code='c'>b</subfield><subfield code='e'>20060426</subfield></datafield><datafield ind1=' ' ind2=' ' tag='914'><subfield code='a'>(OCoLC)ocm50604169</subfield><subfield code='b'>OCoLC</subfield><subfield code='c'>match</subfield><subfield code='d'>20240710</subfield><subfield code='e'>processed</subfield><subfield code='f'>50604169</subfield></datafield><datafield ind1=' ' ind2=' ' tag='916'><subfield code='a'>2026-03-12</subfield><subfield code='b'>(OCoLC)50604169</subfield><subfield code='c'>New collection customer.1791.allpul</subfield><subfield code='d'>9947084363506421</subfield><subfield code='e'>WorldShare Record Update</subfield><subfield code='f'>unprocessed</subfield></datafield><datafield ind1=' ' ind2=' ' tag='AVA'><subfield code='0'>9947084363506421</subfield><subfield code='8'>22680194400006421</subfield><subfield code='a'>01PRI_INST</subfield><subfield code='b'>firestone</subfield><subfield code='c'>Stacks</subfield><subfield code='d'>PQ7440.S26 C83 2002</subfield><subfield code='e'>available</subfield><subfield code='f'>1</subfield><subfield code='g'>0</subfield><subfield code='j'>stacks</subfield><subfield code='k'>0</subfield><subfield code='p'>1</subfield><subfield code='q'>Firestone Library</subfield></datafield></record>