
<record><leader>01819cam a2200457 a 4500</leader><controlfield tag='001'>9919144953506421</controlfield><controlfield tag='005'>20260623092925.0</controlfield><controlfield tag='008'>980914s1998    pr a          000 1 spa^^</controlfield><datafield ind1=' ' ind2=' ' tag='010'><subfield code='a'>98196002</subfield></datafield><datafield ind1='7' ind2=' ' tag='016'><subfield code='a'>013632476</subfield><subfield code='2'>Uk</subfield></datafield><datafield ind1=' ' ind2=' ' tag='020'><subfield code='a'>0965002403</subfield></datafield><datafield ind1=' ' ind2=' ' tag='020'><subfield code='a'>9780965002400</subfield></datafield><datafield ind1='1' ind2=' ' tag='029'><subfield code='a'>NLGGC</subfield><subfield code='b'>202944174</subfield></datafield><datafield ind1='1' ind2=' ' tag='029'><subfield code='a'>UKMGB</subfield><subfield code='b'>013632476</subfield></datafield><datafield ind1=' ' ind2=' ' tag='035'><subfield code='a'>(CStRLIN)DCLC98196002-B</subfield></datafield><datafield ind1=' ' ind2=' ' tag='035'><subfield code='9'>CGQ2550TS</subfield></datafield><datafield ind1=' ' ind2=' ' tag='035'><subfield code='a'>(NjP)1914495-princetondb</subfield></datafield><datafield ind1=' ' ind2=' ' tag='035'><subfield code='z'>(NjP)Voyager1914495</subfield></datafield><datafield ind1=' ' ind2=' ' tag='035'><subfield code='z'>(NjP)Voyager1914495</subfield></datafield><datafield ind1=' ' ind2=' ' tag='035'><subfield code='a'>(OCoLC)39873994</subfield></datafield><datafield ind1=' ' ind2=' ' tag='040'><subfield code='a'>DLC</subfield><subfield code='b'>eng</subfield><subfield code='c'>DLC</subfield></datafield><datafield ind1='0' ind2='0' tag='050'><subfield code='a'>PQ7440.S26</subfield><subfield code='b'>C84 1998</subfield></datafield><datafield ind1='0' ind2='0' tag='082'><subfield code='a'>863</subfield><subfield code='2'>21</subfield></datafield><datafield ind1='1' ind2=' ' tag='100'><subfield code='a'>Santos-Febres, Mayra,</subfield><subfield code='d'>1966-</subfield><subfield code='0'>http://id.loc.gov/authorities/names/n97008809</subfield></datafield><datafield ind1='1' ind2='3' tag='245'><subfield code='a'>El cuerpo correcto /</subfield><subfield code='b'>[Mayra Santos Febres].</subfield></datafield><datafield ind1=' ' ind2=' ' tag='250'><subfield code='a'>1. ed.</subfield></datafield><datafield ind1=' ' ind2=' ' tag='260'><subfield code='a'>San Juan, P.R. :</subfield><subfield code='b'>R&amp;R Editoras,</subfield><subfield code='c'>1998.</subfield></datafield><datafield ind1=' ' ind2=' ' tag='300'><subfield code='a'>131 p. :</subfield><subfield code='b'>ill. ;</subfield><subfield code='c'>22 cm.</subfield></datafield><datafield ind1='0' ind2=' ' tag='505'><subfield code='a'>Rosa naútica -- Espejo con salmuera -- Oso blanco I, II y III -- Resinas para Aurelia -- Diario de un bañista -- Un día cualquiera en la vida de Couto Seducción -- Los parques.</subfield></datafield><datafield ind1=' ' ind2='7' tag='655'><subfield code='a'>Fiction.</subfield><subfield code='2'>lcgft</subfield><subfield code='0'>http://id.loc.gov/authorities/genreForms/gf2014026339</subfield></datafield><datafield ind1=' ' ind2='7' tag='648'><subfield code='a'>1900-1999</subfield><subfield code='2'>fast</subfield></datafield><datafield ind1=' ' ind2='0' tag='650'><subfield code='a'>Short stories, Spanish</subfield><subfield code='y'>20th century.</subfield></datafield><datafield ind1=' ' ind2='6' tag='650'><subfield code='a'>Nouvelles espagnoles</subfield><subfield code='y'>20e siècle.</subfield></datafield><datafield ind1=' ' ind2='7' tag='650'><subfield code='a'>18.33 Spanish-American literature.</subfield><subfield code='0'>(NL-LeOCL)077612132</subfield><subfield code='2'>bcl</subfield></datafield><datafield ind1=' ' ind2='7' tag='650'><subfield code='a'>Short stories, Spanish</subfield><subfield code='2'>fast</subfield></datafield><datafield ind1=' ' ind2='7' tag='651'><subfield code='a'>Puerto Rico.</subfield><subfield code='0'>(NL-LeOCL)078640679</subfield><subfield code='2'>gtt</subfield></datafield><datafield ind1=' ' ind2=' ' tag='911'><subfield code='a'>19981020</subfield></datafield><datafield ind1=' ' ind2=' ' tag='912'><subfield code='a'>20000304032044.0</subfield></datafield><datafield ind1=' ' ind2=' ' tag='914'><subfield code='a'>(OCoLC)ocm39873994</subfield><subfield code='b'>OCoLC</subfield><subfield code='c'>match</subfield><subfield code='d'>20240710</subfield><subfield code='e'>processed</subfield><subfield code='f'>39873994</subfield></datafield><datafield ind1=' ' ind2=' ' tag='916'><subfield code='a'>2026-03-12</subfield><subfield code='b'>(OCoLC)39873994</subfield><subfield code='c'>New collection customer.1791.allpul</subfield><subfield code='d'>9919144953506421</subfield><subfield code='e'>WorldShare Record Update</subfield><subfield code='f'>processed</subfield></datafield><datafield ind1=' ' ind2=' ' tag='948'><subfield code='a'>of</subfield></datafield><datafield ind1=' ' ind2=' ' tag='AVA'><subfield code='0'>9919144953506421</subfield><subfield code='8'>22492076230006421</subfield><subfield code='a'>01PRI_INST</subfield><subfield code='b'>recap</subfield><subfield code='c'>Remote Storage</subfield><subfield code='d'>PQ7440.S26 C84 1998</subfield><subfield code='e'>available</subfield><subfield code='f'>1</subfield><subfield code='g'>0</subfield><subfield code='j'>pa</subfield><subfield code='k'>0</subfield><subfield code='p'>1</subfield><subfield code='q'>ReCAP</subfield></datafield></record>