
<record><leader>02637cam a2200649 a 4500</leader><controlfield tag='001'>994145063506421</controlfield><controlfield tag='005'>20260616170103.0</controlfield><controlfield tag='008'>871204s1981    njua     b    000 0 eng^^</controlfield><datafield ind1=' ' ind2=' ' tag='010'><subfield code='a'>80065583</subfield></datafield><datafield ind1=' ' ind2=' ' tag='015'><subfield code='a'>GB8430000</subfield><subfield code='2'>bnb</subfield></datafield><datafield ind1=' ' ind2=' ' tag='019'><subfield code='a'>7303312</subfield><subfield code='a'>12476714</subfield><subfield code='a'>1201844184</subfield></datafield><datafield ind1=' ' ind2=' ' tag='020'><subfield code='a'>0838630103</subfield></datafield><datafield ind1=' ' ind2=' ' tag='020'><subfield code='a'>9780838630105</subfield></datafield><datafield ind1='1' ind2=' ' tag='029'><subfield code='a'>AU@</subfield><subfield code='b'>000001771938</subfield></datafield><datafield ind1='1' ind2=' ' tag='029'><subfield code='a'>DEBBG</subfield><subfield code='b'>BV016527331</subfield></datafield><datafield ind1='1' ind2=' ' tag='029'><subfield code='a'>HEBIS</subfield><subfield code='b'>104620072</subfield></datafield><datafield ind1='1' ind2=' ' tag='029'><subfield code='a'>NLGGC</subfield><subfield code='b'>802291821</subfield></datafield><datafield ind1=' ' ind2=' ' tag='035'><subfield code='a'>(CStRLIN)NJPG87-B60507</subfield></datafield><datafield ind1=' ' ind2=' ' tag='035'><subfield code='9'>ABZ0038TS</subfield></datafield><datafield ind1=' ' ind2=' ' tag='035'><subfield code='a'>(NjP)414506-princetondb</subfield></datafield><datafield ind1=' ' ind2=' ' tag='035'><subfield code='z'>(NjP)Voyager414506</subfield></datafield><datafield ind1=' ' ind2=' ' tag='035'><subfield code='a'>(OCoLC)6627458</subfield></datafield><datafield ind1=' ' ind2=' ' tag='040'><subfield code='b'>eng</subfield><subfield code='c'>NjP</subfield></datafield><datafield ind1='1' ind2=' ' tag='041'><subfield code='a'>eng</subfield><subfield code='h'>ita</subfield></datafield><datafield ind1=' ' ind2=' ' tag='043'><subfield code='a'>e-it---</subfield></datafield><datafield ind1='0' ind2=' ' tag='050'><subfield code='a'>GR177.S5</subfield><subfield code='b'>S2413</subfield></datafield><datafield ind1='0' ind2=' ' tag='082'><subfield code='a'>390/.0945/8</subfield><subfield code='2'>19</subfield></datafield><datafield ind1='1' ind2=' ' tag='100'><subfield code='a'>Salomone-Marino, Salvatore,</subfield><subfield code='d'>1847-1916.</subfield><subfield code='0'>http://id.loc.gov/authorities/names/n80070786</subfield></datafield><datafield ind1='1' ind2='0' tag='240'><subfield code='a'>Costumi e usanze dei contadini di Sicilia.</subfield><subfield code='l'>English</subfield></datafield><datafield ind1='1' ind2='0' tag='245'><subfield code='a'>Customs and habits of the Sicilian peasants /</subfield><subfield code='c'>Salvatore Salomone-Marino ; edited and translated by Rosalie N. Norris.</subfield></datafield><datafield ind1=' ' ind2=' ' tag='260'><subfield code='a'>Rutherford :</subfield><subfield code='b'>Fairleigh Dickinson University Press ;</subfield><subfield code='a'>London :</subfield><subfield code='b'>Associated University Presses,</subfield><subfield code='c'>c1981.</subfield></datafield><datafield ind1=' ' ind2=' ' tag='300'><subfield code='a'>256 p. :</subfield><subfield code='b'>ill. ;</subfield><subfield code='c'>22 cm.</subfield></datafield><datafield ind1=' ' ind2=' ' tag='500'><subfield code='a'>Translation of: Costumi e usanze dei contadini di Sicilia.</subfield></datafield><datafield ind1=' ' ind2=' ' tag='504'><subfield code='a'>Bibliography: p. 248-256.</subfield></datafield><datafield ind1='1' ind2='0' tag='600'><subfield code='a'>Salomone-Marino, Salvatore,</subfield><subfield code='d'>1847-1916</subfield><subfield code='v'>Bibliography.</subfield></datafield><datafield ind1='1' ind2='7' tag='600'><subfield code='a'>Salomone-Marino, Salvatore,</subfield><subfield code='d'>1847-1916</subfield><subfield code='2'>fast</subfield><subfield code='1'>https://id.oclc.org/worldcat/entity/E39PBJpjjmXC9FK3MRVgDbRFrq</subfield></datafield><datafield ind1=' ' ind2='0' tag='650'><subfield code='a'>Folklore</subfield><subfield code='z'>Italy</subfield><subfield code='z'>Sicily.</subfield></datafield><datafield ind1=' ' ind2='0' tag='650'><subfield code='a'>Peasants</subfield><subfield code='z'>Italy</subfield><subfield code='z'>Sicily.</subfield></datafield><datafield ind1=' ' ind2='6' tag='650'><subfield code='a'>Folklore</subfield><subfield code='z'>Italie</subfield><subfield code='z'>Sicile.</subfield></datafield><datafield ind1=' ' ind2='6' tag='650'><subfield code='a'>Paysannerie</subfield><subfield code='z'>Italie</subfield><subfield code='z'>Sicile.</subfield></datafield><datafield ind1=' ' ind2='7' tag='650'><subfield code='a'>Folklore</subfield><subfield code='2'>fast</subfield></datafield><datafield ind1=' ' ind2='7' tag='650'><subfield code='a'>Manners and customs</subfield><subfield code='2'>fast</subfield></datafield><datafield ind1=' ' ind2='7' tag='650'><subfield code='a'>Peasants</subfield><subfield code='2'>fast</subfield></datafield><datafield ind1=' ' ind2='7' tag='650'><subfield code='a'>Bauer</subfield><subfield code='2'>gnd</subfield></datafield><datafield ind1=' ' ind2='7' tag='650'><subfield code='a'>Brauch</subfield><subfield code='2'>gnd</subfield><subfield code='0'>http://d-nb.info/gnd/4008017-1</subfield></datafield><datafield ind1=' ' ind2='0' tag='651'><subfield code='a'>Sicily (Italy)</subfield><subfield code='x'>Social life and customs.</subfield></datafield><datafield ind1=' ' ind2='4' tag='651'><subfield code='a'>Sicily</subfield><subfield code='x'>Rural conditions.</subfield></datafield><datafield ind1=' ' ind2='6' tag='651'><subfield code='a'>Sicile (Italie)</subfield><subfield code='x'>Mœurs et coutumes.</subfield></datafield><datafield ind1=' ' ind2='7' tag='651'><subfield code='a'>Italy</subfield><subfield code='z'>Sicily</subfield><subfield code='2'>fast</subfield></datafield><datafield ind1=' ' ind2='7' tag='651'><subfield code='a'>Sizilien</subfield><subfield code='2'>gnd</subfield><subfield code='0'>http://d-nb.info/gnd/4055193-3</subfield></datafield><datafield ind1=' ' ind2=' ' tag='653'><subfield code='a'>Italy</subfield><subfield code='a'>Sicily</subfield><subfield code='a'>Peasants</subfield><subfield code='a'>Social life, ca 1850.</subfield></datafield><datafield ind1='1' ind2=' ' tag='700'><subfield code='a'>Norris, Rosalie N.</subfield><subfield code='0'>http://id.loc.gov/authorities/names/n81109942</subfield></datafield><datafield ind1=' ' ind2=' ' tag='911'><subfield code='a'>19921028</subfield></datafield><datafield ind1=' ' ind2=' ' tag='912'><subfield code='a'>19951010060809.0</subfield></datafield><datafield ind1=' ' ind2=' ' tag='914'><subfield code='a'>(OCoLC)ocm06627458</subfield><subfield code='b'>OCoLC</subfield><subfield code='c'>match</subfield><subfield code='d'>20240508</subfield><subfield code='e'>processed</subfield><subfield code='f'>6627458</subfield></datafield><datafield ind1=' ' ind2=' ' tag='916'><subfield code='a'>2026-03-12</subfield><subfield code='b'>(OCoLC)6627458</subfield><subfield code='c'>New collection customer.1791.allpul</subfield><subfield code='d'>994145063506421</subfield><subfield code='e'>WorldShare Record Update</subfield><subfield code='f'>processed</subfield></datafield><datafield ind1=' ' ind2=' ' tag='998'><subfield code='a'>12/04/87</subfield><subfield code='s'>9110</subfield><subfield code='n'>NjP</subfield><subfield code='w'>DCLC8065583B</subfield><subfield code='d'>12/04/87</subfield><subfield code='c'>KPB</subfield><subfield code='b'>KPB</subfield><subfield code='i'>871204</subfield><subfield code='l'>NJPG</subfield></datafield><datafield ind1=' ' ind2=' ' tag='AVA'><subfield code='0'>994145063506421</subfield><subfield code='8'>22653840780006421</subfield><subfield code='a'>01PRI_INST</subfield><subfield code='b'>firestone</subfield><subfield code='c'>Stacks</subfield><subfield code='d'>GR177.S5 S2413</subfield><subfield code='e'>available</subfield><subfield code='f'>1</subfield><subfield code='g'>0</subfield><subfield code='j'>stacks</subfield><subfield code='k'>0</subfield><subfield code='p'>1</subfield><subfield code='q'>Firestone Library</subfield></datafield></record>