
<record><leader>02723cam a22005417  4500</leader><controlfield tag='001'>9925577903506421</controlfield><controlfield tag='005'>20260623143620.0</controlfield><controlfield tag='008'>740311s1930    enk           000 0 eng d</controlfield><datafield ind1=' ' ind2=' ' tag='010'><subfield code='a'>31023172</subfield></datafield><datafield ind1=' ' ind2=' ' tag='019'><subfield code='a'>220555040</subfield><subfield code='a'>1016232289</subfield><subfield code='a'>1033541286</subfield></datafield><datafield ind1=' ' ind2=' ' tag='020'><subfield code='a'>0841475482</subfield></datafield><datafield ind1=' ' ind2=' ' tag='020'><subfield code='a'>9780841475489</subfield></datafield><datafield ind1='1' ind2=' ' tag='029'><subfield code='a'>AU@</subfield><subfield code='b'>000005479262</subfield></datafield><datafield ind1='1' ind2=' ' tag='029'><subfield code='a'>AU@</subfield><subfield code='b'>000045902562</subfield></datafield><datafield ind1='1' ind2=' ' tag='029'><subfield code='a'>HEBIS</subfield><subfield code='b'>026896982</subfield></datafield><datafield ind1=' ' ind2=' ' tag='035'><subfield code='9'>CMB6466TS</subfield></datafield><datafield ind1=' ' ind2=' ' tag='035'><subfield code='a'>(NjP)2557790-princetondb</subfield></datafield><datafield ind1=' ' ind2=' ' tag='035'><subfield code='z'>(NjP)Voyager2557790</subfield></datafield><datafield ind1=' ' ind2=' ' tag='035'><subfield code='a'>(OCoLC)826509</subfield></datafield><datafield ind1=' ' ind2=' ' tag='035'><subfield code='a'>(OCoLC)826509</subfield></datafield><datafield ind1=' ' ind2=' ' tag='040'><subfield code='a'>AKR</subfield><subfield code='b'>eng</subfield><subfield code='c'>AKR</subfield><subfield code='d'>PUL</subfield></datafield><datafield ind1=' ' ind2=' ' tag='043'><subfield code='a'>e-uk-en</subfield></datafield><datafield ind1=' ' ind2='4' tag='050'><subfield code='a'>PR2949</subfield><subfield code='b'>.S7 1930</subfield></datafield><datafield ind1=' ' ind2=' ' tag='082'><subfield code='a'>822.3/3</subfield></datafield><datafield ind1='1' ind2=' ' tag='100'><subfield code='a'>Stamp, Alfred Edward,</subfield><subfield code='d'>1870-1938.</subfield><subfield code='0'>http://id.loc.gov/authorities/names/no2010206340</subfield></datafield><datafield ind1='1' ind2='4' tag='245'><subfield code='a'>The disputed Revels accounts, reproduced in collotype facsimile,</subfield><subfield code='b'>with a paper read before the Shakespeare Association.</subfield></datafield><datafield ind1=' ' ind2=' ' tag='260'><subfield code='a'>[London]</subfield><subfield code='b'>Printed for the Shakespeare Association at the Oxford University Press,</subfield><subfield code='c'>1930.</subfield></datafield><datafield ind1=' ' ind2=' ' tag='300'><subfield code='a'>16, xxv p.</subfield></datafield><datafield ind1=' ' ind2=' ' tag='500'><subfield code='a'>Written chiefly in reply to S. A. Tannenbaum&apos;s Shakspere forgeries in the Revels accounts.</subfield></datafield><datafield ind1=' ' ind2=' ' tag='504'><subfield code='a'>Includes bibliographical references.</subfield></datafield><datafield ind1='1' ind2='0' tag='600'><subfield code='a'>Shakespeare, William,</subfield><subfield code='d'>1564-1616</subfield><subfield code='x'>Forgeries.</subfield><subfield code='0'>http://id.loc.gov/authorities/subjects/sh85120946</subfield></datafield><datafield ind1='1' ind2='0' tag='600'><subfield code='a'>Tannenbaum, Samuel Aaron,</subfield><subfield code='d'>1874?-1948.</subfield><subfield code='t'>Shakspere forgeries in the Revels accounts.</subfield></datafield><datafield ind1='1' ind2='1' tag='600'><subfield code='a'>Tannenbaum, Samuel Aaron,</subfield><subfield code='d'>1874?-1948.</subfield><subfield code='t'>Shakspere forgeries in the Revels accounts.</subfield></datafield><datafield ind1='1' ind2='4' tag='600'><subfield code='a'>Shakespeare, William,</subfield><subfield code='d'>1564-1616</subfield><subfield code='x'>Forgeries.</subfield></datafield><datafield ind1='1' ind2='4' tag='600'><subfield code='a'>Tannenbaum, Samuel Aaron,</subfield><subfield code='d'>1874?-1948.</subfield><subfield code='t'>Shakspere forgeries in the Revels accounts.</subfield></datafield><datafield ind1='1' ind2='7' tag='600'><subfield code='a'>Shakespeare, William,</subfield><subfield code='d'>1564-1616.</subfield><subfield code='2'>fast</subfield><subfield code='0'>(OCoLC)fst00029048</subfield><subfield code='1'>https://id.oclc.org/worldcat/entity/E39PBJxx96qPfyhwWrJChP9kXd</subfield></datafield><datafield ind1=' ' ind2='0' tag='650'><subfield code='a'>Theater</subfield><subfield code='z'>England</subfield><subfield code='z'>London</subfield><subfield code='x'>History.</subfield></datafield><datafield ind1=' ' ind2='6' tag='650'><subfield code='a'>Théâtre</subfield><subfield code='z'>Angleterre</subfield><subfield code='z'>Londres</subfield><subfield code='x'>Histoire.</subfield></datafield><datafield ind1=' ' ind2='7' tag='650'><subfield code='a'>Forgery.</subfield><subfield code='2'>fast</subfield><subfield code='0'>(OCoLC)fst00932815</subfield></datafield><datafield ind1=' ' ind2='7' tag='650'><subfield code='a'>Theater.</subfield><subfield code='2'>fast</subfield><subfield code='0'>(OCoLC)fst01149217</subfield></datafield><datafield ind1=' ' ind2='7' tag='651'><subfield code='a'>England</subfield><subfield code='z'>London.</subfield><subfield code='2'>fast</subfield><subfield code='0'>(OCoLC)fst01204271</subfield><subfield code='1'>https://id.oclc.org/worldcat/entity/E39PBJp68ckpMtKGHPFWQrwDMP</subfield></datafield><datafield ind1='1' ind2=' ' tag='710'><subfield code='a'>Great Britain.</subfield><subfield code='b'>Office of the Revels.</subfield><subfield code='0'>http://id.loc.gov/authorities/names/n94090104</subfield></datafield><datafield ind1='0' ind2=' ' tag='852'><subfield code='b'>f</subfield><subfield code='h'>PR2949</subfield><subfield code='i'>.S736 1930q</subfield><subfield code='p'>2862071</subfield><subfield code='x'>reclassed from: 3925.9327q</subfield></datafield><datafield ind1=' ' ind2=' ' tag='911'><subfield code='a'>19991015</subfield></datafield><datafield ind1=' ' ind2=' ' tag='914'><subfield code='a'>(OCoLC)ocm00826509</subfield><subfield code='b'>OCoLC</subfield><subfield code='c'>match</subfield><subfield code='d'>20241211</subfield><subfield code='e'>processed</subfield><subfield code='f'>826509</subfield></datafield><datafield ind1=' ' ind2=' ' tag='916'><subfield code='a'>2026-03-12</subfield><subfield code='b'>(OCoLC)826509</subfield><subfield code='c'>New collection customer.1791.allpul</subfield><subfield code='d'>9925577903506421</subfield><subfield code='e'>WorldShare Record Update</subfield><subfield code='f'>processed</subfield></datafield><datafield ind1=' ' ind2=' ' tag='916'><subfield code='a'>2026-03-12</subfield><subfield code='b'>(OCoLC)826509</subfield><subfield code='c'>New collection customer.1791.allpul</subfield><subfield code='d'>9925577903506421</subfield><subfield code='e'>WorldShare Record Update</subfield><subfield code='f'>processed</subfield></datafield><datafield ind1=' ' ind2=' ' tag='945'><subfield code='a'>F</subfield><subfield code='b'>1</subfield><subfield code='c'>3925.9327q</subfield></datafield><datafield ind1=' ' ind2=' ' tag='AVA'><subfield code='0'>9925577903506421</subfield><subfield code='8'>22600178240006421</subfield><subfield code='a'>01PRI_INST</subfield><subfield code='b'>recap</subfield><subfield code='c'>Remote Storage</subfield><subfield code='d'>Oversize PR2949 .S736 1930q</subfield><subfield code='e'>available</subfield><subfield code='f'>1</subfield><subfield code='g'>0</subfield><subfield code='j'>pa</subfield><subfield code='k'>0</subfield><subfield code='p'>1</subfield><subfield code='q'>ReCAP</subfield></datafield></record>