
<record><leader>01391nam  2200325Ia 4500</leader><controlfield tag='001'>99125359644306421</controlfield><controlfield tag='005'>20200520144314.0</controlfield><controlfield tag='006'>m     o  d |</controlfield><controlfield tag='007'>cr#|n|---|||||</controlfield><controlfield tag='008'>860925s1987    nyua    ob    001 0 eng d</controlfield><datafield ind1=' ' ind2=' ' tag='020'><subfield code='a'>1-280-43988-2</subfield></datafield><datafield ind1=' ' ind2=' ' tag='020'><subfield code='a'>0-19-536433-3</subfield></datafield><datafield ind1=' ' ind2=' ' tag='020'><subfield code='a'>1-60129-648-7</subfield></datafield><datafield ind1=' ' ind2=' ' tag='035'><subfield code='a'>(CKB)1000000000363442</subfield></datafield><datafield ind1=' ' ind2=' ' tag='035'><subfield code='a'>(EBL)271350</subfield></datafield><datafield ind1=' ' ind2=' ' tag='035'><subfield code='a'>(OCoLC)191952524</subfield></datafield><datafield ind1=' ' ind2=' ' tag='035'><subfield code='a'>(SSID)ssj0000278895</subfield></datafield><datafield ind1=' ' ind2=' ' tag='035'><subfield code='a'>(PQKBManifestationID)11223005</subfield></datafield><datafield ind1=' ' ind2=' ' tag='035'><subfield code='a'>(PQKBTitleCode)TC0000278895</subfield></datafield><datafield ind1=' ' ind2=' ' tag='035'><subfield code='a'>(PQKBWorkID)10259104</subfield></datafield><datafield ind1=' ' ind2=' ' tag='035'><subfield code='a'>(PQKB)10525608</subfield></datafield><datafield ind1=' ' ind2=' ' tag='035'><subfield code='a'>(MiAaPQ)EBC4702656</subfield></datafield><datafield ind1=' ' ind2=' ' tag='035'><subfield code='a'>(MiAaPQ)EBC271350</subfield></datafield><datafield ind1=' ' ind2=' ' tag='035'><subfield code='a'>(Au-PeEL)EBL271350</subfield></datafield><datafield ind1=' ' ind2=' ' tag='035'><subfield code='a'>(CaPaEBR)ebr10142206</subfield></datafield><datafield ind1=' ' ind2=' ' tag='035'><subfield code='a'>(EXLCZ)991000000000363442</subfield></datafield><datafield ind1=' ' ind2=' ' tag='040'><subfield code='a'>MiAaPQ</subfield><subfield code='b'>eng</subfield><subfield code='e'>rda</subfield><subfield code='e'>pn</subfield><subfield code='c'>MiAaPQ</subfield><subfield code='d'>MiAaPQ</subfield></datafield><datafield ind1=' ' ind2=' ' tag='041'><subfield code='a'>eng</subfield></datafield><datafield ind1=' ' ind2=' ' tag='043'><subfield code='a'>a-tu---</subfield><subfield code='a'>e-fr---</subfield></datafield><datafield ind1=' ' ind2='4' tag='050'><subfield code='a'>DR432</subfield><subfield code='b'>.G57 1987</subfield></datafield><datafield ind1='0' ind2='0' tag='082'><subfield code='a'>956.1/01</subfield></datafield><datafield ind1='1' ind2=' ' tag='100'><subfield code='a'>Göçek, Fatma Müge.</subfield></datafield><datafield ind1='1' ind2='0' tag='245'><subfield code='a'>East encounters West :</subfield><subfield code='b'>France and the Ottoman Empire in the eighteenth century /</subfield><subfield code='c'>Fatma Muge Gocek.</subfield></datafield><datafield ind1=' ' ind2=' ' tag='260'><subfield code='a'>New York :</subfield><subfield code='b'>Oxford University Press,</subfield><subfield code='c'>1987.</subfield></datafield><datafield ind1=' ' ind2=' ' tag='300'><subfield code='a'>1 online resource (x, 192 pages) :</subfield><subfield code='b'>illustrations</subfield></datafield><datafield ind1=' ' ind2=' ' tag='336'><subfield code='a'>text</subfield><subfield code='b'>txt</subfield><subfield code='2'>rdacontent</subfield></datafield><datafield ind1=' ' ind2=' ' tag='337'><subfield code='a'>computer</subfield><subfield code='b'>c</subfield><subfield code='2'>rdamedia</subfield></datafield><datafield ind1=' ' ind2=' ' tag='338'><subfield code='a'>online resource</subfield><subfield code='b'>cr</subfield><subfield code='2'>rdacarrier</subfield></datafield><datafield ind1='1' ind2=' ' tag='490'><subfield code='a'>Studies in Middle Eastern history</subfield></datafield><datafield ind1='0' ind2=' ' tag='505'><subfield code='a'>Contents; Illustrations; Note on Transcription and Pronunciation; PART I: Interaction Between Two Societies Through an Embassy; PART II: Factors Affecting the Interaction and the Western Impact; PART III: Factors Affecting the Spread of Western Impact in Ottoman Society; APPENDIXES; Notes; Bibliography; Index</subfield></datafield><datafield ind1=' ' ind2=' ' tag='520'><subfield code='a'>In 1720 an Ottoman ambassador arrived in France to observe Western civilization, and report on how it could be applied in the Ottoman Empire. Based on his accounts, this book studies the impact of the West on the Empire, and of this Ottoman embassy on the two societies.</subfield></datafield><datafield ind1=' ' ind2=' ' tag='546'><subfield code='a'>English</subfield></datafield><datafield ind1=' ' ind2=' ' tag='500'><subfield code='a'>Published in cooperation with the Institute of Turkish Studies, Inc., Washington, D.C.</subfield></datafield><datafield ind1=' ' ind2=' ' tag='504'><subfield code='a'>Includes bibliography: p. 169-175 and index.</subfield></datafield><datafield ind1=' ' ind2='0' tag='650'><subfield code='a'>Diplomatic and consular service, Turkish</subfield><subfield code='z'>France</subfield><subfield code='x'>History</subfield><subfield code='y'>18th century.</subfield></datafield><datafield ind1=' ' ind2='0' tag='651'><subfield code='a'>Turkey</subfield><subfield code='x'>Civilization</subfield><subfield code='x'>French influences.</subfield></datafield><datafield ind1=' ' ind2='0' tag='651'><subfield code='a'>Turkey</subfield><subfield code='x'>Civilization</subfield><subfield code='x'>Western influences.</subfield></datafield><datafield ind1='0' ind2=' ' tag='776'><subfield code='z'>0-19-504826-1</subfield></datafield><datafield ind1=' ' ind2='0' tag='830'><subfield code='a'>Studies in Middle Eastern history (New York, N.Y.)</subfield></datafield><datafield ind1=' ' ind2=' ' tag='906'><subfield code='a'>BOOK</subfield></datafield><datafield ind1=' ' ind2=' ' tag='AVE'><subfield code='8'>53895938580006421</subfield><subfield code='c'>61889859990006421</subfield><subfield code='e'>Available</subfield><subfield code='m'>Ebook Central Perpetual, DDA and Subscription Titles</subfield><subfield code='t'>Ebook Central</subfield><subfield code='a'>01PRI_INST</subfield><subfield code='0'>99125359644306421</subfield></datafield></record>