
<record><leader>03564cam a2200745 a 4500</leader><controlfield tag='001'>996156513506421</controlfield><controlfield tag='005'>20260619171730.0</controlfield><controlfield tag='008'>901206s1990    txu      b    001 0 eng^^</controlfield><datafield ind1=' ' ind2=' ' tag='010'><subfield code='a'>89070774</subfield></datafield><datafield ind1=' ' ind2=' ' tag='020'><subfield code='a'>0292720645</subfield><subfield code='q'>(alk. paper)</subfield></datafield><datafield ind1=' ' ind2=' ' tag='020'><subfield code='a'>9780292720640</subfield><subfield code='q'>(alk. paper)</subfield></datafield><datafield ind1='1' ind2=' ' tag='029'><subfield code='a'>AU@</subfield><subfield code='b'>000006881593</subfield></datafield><datafield ind1='1' ind2=' ' tag='029'><subfield code='a'>DEBSZ</subfield><subfield code='b'>064439631</subfield></datafield><datafield ind1='1' ind2=' ' tag='029'><subfield code='a'>NLGGC</subfield><subfield code='b'>057876223</subfield></datafield><datafield ind1='1' ind2=' ' tag='029'><subfield code='a'>YDXCP</subfield><subfield code='b'>157503</subfield></datafield><datafield ind1=' ' ind2=' ' tag='035'><subfield code='a'>(CStRLIN)NJPG90-B54992</subfield></datafield><datafield ind1=' ' ind2=' ' tag='035'><subfield code='9'>ACV1771TS</subfield></datafield><datafield ind1=' ' ind2=' ' tag='035'><subfield code='a'>(NjP)615651-princetondb</subfield></datafield><datafield ind1=' ' ind2=' ' tag='035'><subfield code='z'>(NjP)Voyager615651</subfield></datafield><datafield ind1=' ' ind2=' ' tag='035'><subfield code='a'>(OCoLC)20852614</subfield></datafield><datafield ind1=' ' ind2=' ' tag='040'><subfield code='a'>DLC</subfield><subfield code='b'>eng</subfield><subfield code='c'>DLC</subfield><subfield code='d'>NSbSU</subfield></datafield><datafield ind1=' ' ind2=' ' tag='043'><subfield code='a'>a-tu---</subfield></datafield><datafield ind1='0' ind2='0' tag='050'><subfield code='a'>DR555</subfield><subfield code='b'>.D38 1990</subfield></datafield><datafield ind1='0' ind2='0' tag='082'><subfield code='a'>956.1/015</subfield><subfield code='2'>20</subfield></datafield><datafield ind1='1' ind2=' ' tag='100'><subfield code='a'>Davison, Roderic H.</subfield><subfield code='0'>http://id.loc.gov/authorities/names/nr88001934</subfield></datafield><datafield ind1='1' ind2='0' tag='245'><subfield code='a'>Essays in Ottoman and Turkish history, 1774-1923 :</subfield><subfield code='b'>the impact of the West /</subfield><subfield code='c'>Roderic H. Davison.</subfield></datafield><datafield ind1=' ' ind2=' ' tag='250'><subfield code='a'>1st ed.</subfield></datafield><datafield ind1=' ' ind2=' ' tag='260'><subfield code='a'>Austin :</subfield><subfield code='b'>University of Texas Press,</subfield><subfield code='c'>1990.</subfield></datafield><datafield ind1=' ' ind2=' ' tag='300'><subfield code='a'>xviii, 279 p. ;</subfield><subfield code='c'>24 cm.</subfield></datafield><datafield ind1='1' ind2=' ' tag='490'><subfield code='a'>Modern Middle East series ;</subfield><subfield code='v'>no. 16</subfield></datafield><datafield ind1=' ' ind2=' ' tag='504'><subfield code='a'>Includes bibliographical references and index.</subfield></datafield><datafield ind1=' ' ind2='7' tag='648'><subfield code='a'>1774-1999</subfield><subfield code='2'>fast</subfield></datafield><datafield ind1=' ' ind2='7' tag='650'><subfield code='a'>15.59 history of great parts of the world, peoples, civilizations: other.</subfield><subfield code='0'>(NL-LeOCL)077599578</subfield><subfield code='2'>bcl</subfield></datafield><datafield ind1=' ' ind2='7' tag='650'><subfield code='a'>Civilization</subfield><subfield code='x'>Western influences.</subfield><subfield code='2'>fast</subfield><subfield code='0'>(OCoLC)fst01352414</subfield></datafield><datafield ind1='1' ind2='7' tag='650'><subfield code='a'>Politieke geschiedenis.</subfield><subfield code='2'>gtt</subfield></datafield><datafield ind1='1' ind2='7' tag='650'><subfield code='a'>Culturele invloeden.</subfield><subfield code='2'>gtt</subfield></datafield><datafield ind1=' ' ind2='0' tag='651'><subfield code='a'>Turkey</subfield><subfield code='x'>History</subfield><subfield code='y'>Abdul Hamid I, 1774-1789.</subfield><subfield code='0'>http://id.loc.gov/authorities/subjects/sh85138819</subfield></datafield><datafield ind1=' ' ind2='0' tag='651'><subfield code='a'>Turkey</subfield><subfield code='x'>History</subfield><subfield code='y'>Selim III, 1789-1807.</subfield><subfield code='0'>http://id.loc.gov/authorities/subjects/sh85138820</subfield></datafield><datafield ind1=' ' ind2='0' tag='651'><subfield code='a'>Turkey</subfield><subfield code='x'>History</subfield><subfield code='y'>19th century.</subfield><subfield code='0'>http://id.loc.gov/authorities/subjects/sh85138821</subfield></datafield><datafield ind1=' ' ind2='0' tag='651'><subfield code='a'>Turkey</subfield><subfield code='x'>History</subfield><subfield code='y'>20th century.</subfield><subfield code='0'>http://id.loc.gov/authorities/subjects/sh85138829</subfield></datafield><datafield ind1=' ' ind2='0' tag='651'><subfield code='a'>Turkey</subfield><subfield code='x'>Civilization</subfield><subfield code='x'>Western influences.</subfield><subfield code='0'>http://id.loc.gov/authorities/subjects/sh85138787</subfield></datafield><datafield ind1=' ' ind2='0' tag='651'><subfield code='a'>Turkey</subfield><subfield code='x'>History.</subfield><subfield code='0'>http://id.loc.gov/authorities/subjects/sh85138799</subfield></datafield><datafield ind1=' ' ind2='4' tag='651'><subfield code='a'>Turquía</subfield><subfield code='x'>Historia</subfield><subfield code='y'>Selim III, 1789 1808.</subfield></datafield><datafield ind1=' ' ind2='4' tag='651'><subfield code='a'>Turquía</subfield><subfield code='x'>Historia</subfield><subfield code='y'>Siglo XIX.</subfield></datafield><datafield ind1=' ' ind2='4' tag='651'><subfield code='a'>Turquía</subfield><subfield code='x'>Historia</subfield><subfield code='y'>Siglo XX.</subfield></datafield><datafield ind1=' ' ind2='6' tag='651'><subfield code='a'>Empire ottoman</subfield><subfield code='x'>Histoire</subfield><subfield code='y'>1774-1789 (Abdül-Hamid Ier)</subfield></datafield><datafield ind1=' ' ind2='6' tag='651'><subfield code='a'>Empire ottoman</subfield><subfield code='x'>Histoire</subfield><subfield code='y'>1789-1807 (Sélim III)</subfield></datafield><datafield ind1=' ' ind2='6' tag='651'><subfield code='a'>Empire ottoman</subfield><subfield code='x'>Histoire</subfield><subfield code='y'>19e siècle.</subfield></datafield><datafield ind1=' ' ind2='6' tag='651'><subfield code='a'>Turquie</subfield><subfield code='x'>Histoire.</subfield></datafield><datafield ind1=' ' ind2='6' tag='651'><subfield code='a'>Turquie</subfield><subfield code='x'>Civilisation</subfield><subfield code='x'>Influence occidentale.</subfield></datafield><datafield ind1=' ' ind2='7' tag='651'><subfield code='a'>Turkey.</subfield><subfield code='2'>fast</subfield><subfield code='0'>(OCoLC)fst01208963</subfield><subfield code='1'>https://id.oclc.org/worldcat/entity/E39PBJxmHG9jJjCTM3y4pFRqcP</subfield></datafield><datafield ind1=' ' ind2='7' tag='651'><subfield code='a'>Turkey</subfield><subfield code='x'>History</subfield><subfield code='y'>Ottoman Empire, 1288-1918</subfield><subfield code='x'>Western influences.</subfield><subfield code='2'>nli</subfield></datafield><datafield ind1=' ' ind2='7' tag='651'><subfield code='a'>Turkey</subfield><subfield code='x'>History</subfield><subfield code='y'>Abdul Hamid I, 1774-1789.</subfield><subfield code='2'>nli</subfield></datafield><datafield ind1=' ' ind2='7' tag='651'><subfield code='a'>Turkey</subfield><subfield code='x'>History</subfield><subfield code='y'>Selim III, 1789-1807.</subfield><subfield code='2'>nli</subfield></datafield><datafield ind1=' ' ind2='0' tag='653'><subfield code='a'>Turkey</subfield><subfield code='a'>Civilization</subfield><subfield code='a'>Western influences</subfield></datafield><datafield ind1=' ' ind2='0' tag='653'><subfield code='a'>Turkey</subfield><subfield code='a'>History</subfield><subfield code='a'>19th century</subfield></datafield><datafield ind1=' ' ind2='0' tag='653'><subfield code='a'>Turkey</subfield><subfield code='a'>History</subfield><subfield code='a'>20th century</subfield></datafield><datafield ind1=' ' ind2='0' tag='653'><subfield code='a'>Turkey</subfield><subfield code='a'>History</subfield><subfield code='a'>Abdul Hamid I, 1774-1789</subfield></datafield><datafield ind1=' ' ind2='0' tag='653'><subfield code='a'>Turkey</subfield><subfield code='a'>History</subfield><subfield code='a'>Selim III, 1789-1808</subfield></datafield><datafield ind1=' ' ind2='0' tag='830'><subfield code='a'>Modern Middle East series (Austin, Tex.) ;</subfield><subfield code='v'>no. 16.</subfield><subfield code='0'>http://id.loc.gov/authorities/names/n42016760</subfield></datafield><datafield ind1=' ' ind2=' ' tag='911'><subfield code='a'>19931014</subfield></datafield><datafield ind1=' ' ind2=' ' tag='912'><subfield code='a'>19970311061150.0</subfield></datafield><datafield ind1=' ' ind2=' ' tag='914'><subfield code='a'>(OCoLC)ocm20852614</subfield><subfield code='b'>OCoLC</subfield><subfield code='c'>match</subfield><subfield code='d'>20221117</subfield><subfield code='e'>processed</subfield><subfield code='f'>20852614</subfield></datafield><datafield ind1=' ' ind2=' ' tag='916'><subfield code='a'>2026-03-12</subfield><subfield code='b'>(OCoLC)20852614</subfield><subfield code='c'>New collection customer.1791.allpul</subfield><subfield code='d'>996156513506421</subfield><subfield code='e'>WorldShare Record Update</subfield><subfield code='f'>processed</subfield></datafield><datafield ind1=' ' ind2=' ' tag='998'><subfield code='a'>10/04/93</subfield><subfield code='s'>9110</subfield><subfield code='n'>NjP</subfield><subfield code='w'>DCLC8970774B</subfield><subfield code='d'>12/06/90</subfield><subfield code='c'>OF</subfield><subfield code='b'>MH</subfield><subfield code='i'>931004</subfield><subfield code='l'>NJPG</subfield></datafield><datafield ind1=' ' ind2=' ' tag='AVA'><subfield code='0'>996156513506421</subfield><subfield code='8'>22752972810006421</subfield><subfield code='a'>01PRI_INST</subfield><subfield code='b'>recap</subfield><subfield code='c'>Remote Storage</subfield><subfield code='d'>DR555 .D38 1990</subfield><subfield code='e'>available</subfield><subfield code='f'>1</subfield><subfield code='g'>0</subfield><subfield code='j'>pa</subfield><subfield code='k'>0</subfield><subfield code='p'>1</subfield><subfield code='q'>ReCAP</subfield></datafield></record>