
<record><leader>03133cam a2200445 a 4500</leader><controlfield tag='001'>9956102713506421</controlfield><controlfield tag='005'>20240711064351.0</controlfield><controlfield tag='008'>071005s2008    be       b    000 0 eng^^</controlfield><datafield ind1=' ' ind2=' ' tag='010'><subfield code='a'>2007041019</subfield></datafield><datafield ind1=' ' ind2=' ' tag='015'><subfield code='a'>GBA798054</subfield><subfield code='2'>bnb</subfield></datafield><datafield ind1='7' ind2=' ' tag='016'><subfield code='a'>014459158</subfield><subfield code='2'>Uk</subfield></datafield><datafield ind1=' ' ind2=' ' tag='020'><subfield code='a'>9789052013749</subfield></datafield><datafield ind1=' ' ind2=' ' tag='020'><subfield code='a'>9052013748</subfield></datafield><datafield ind1='1' ind2=' ' tag='029'><subfield code='a'>OHX</subfield><subfield code='b'>har070139929</subfield></datafield><datafield ind1='1' ind2=' ' tag='029'><subfield code='a'>NLGGC</subfield><subfield code='b'>30960527X</subfield></datafield><datafield ind1=' ' ind2=' ' tag='035'><subfield code='a'>(NjP)5610271-princetondb</subfield></datafield><datafield ind1=' ' ind2=' ' tag='035'><subfield code='z'>(NjP)Voyager5610271</subfield></datafield><datafield ind1=' ' ind2=' ' tag='035'><subfield code='a'>(OCoLC)ocn173809065</subfield></datafield><datafield ind1=' ' ind2=' ' tag='040'><subfield code='a'>DLC</subfield><subfield code='b'>eng</subfield><subfield code='c'>DLC</subfield><subfield code='d'>UKM</subfield><subfield code='d'>BAKER</subfield><subfield code='d'>BTCTA</subfield><subfield code='d'>YDXCP</subfield><subfield code='d'>OHX</subfield><subfield code='d'>OCLCG</subfield><subfield code='d'>CDX</subfield></datafield><datafield ind1=' ' ind2=' ' tag='043'><subfield code='a'>ed-----</subfield><subfield code='a'>e------</subfield></datafield><datafield ind1=' ' ind2=' ' tag='049'><subfield code='a'>PULL</subfield></datafield><datafield ind1='0' ind2='0' tag='050'><subfield code='a'>DR38.3.E85</subfield><subfield code='b'>E93 2008</subfield></datafield><datafield ind1='0' ind2='0' tag='082'><subfield code='a'>303.48/249604</subfield><subfield code='2'>22</subfield></datafield><datafield ind1='0' ind2='0' tag='245'><subfield code='a'>Europe and the historical legacies in the Balkans /</subfield><subfield code='c'>Detrez Raymond &amp; Segaert Barbara (eds.).</subfield></datafield><datafield ind1=' ' ind2=' ' tag='260'><subfield code='a'>Bruxelles ;</subfield><subfield code='a'>New York :</subfield><subfield code='b'>Peter Lang,</subfield><subfield code='c'>2008.</subfield></datafield><datafield ind1=' ' ind2=' ' tag='300'><subfield code='a'>184 p. ;</subfield><subfield code='c'>22 cm.</subfield></datafield><datafield ind1=' ' ind2='0' tag='440'><subfield code='a'>Multiple Europe ;</subfield><subfield code='v'>40</subfield></datafield><datafield ind1=' ' ind2=' ' tag='504'><subfield code='a'>Includes bibliographical references.</subfield></datafield><datafield ind1='0' ind2=' ' tag='505'><subfield code='a'>Ethnic identity and nation building: on the Byzantine and Ottoman historical legacies / Hercules Millas -- Between the Ottoman legacy and the temptation of the West: Bulgarians coming to terms with the Greeks / Raymond Detrez -- Legacy or legacies: competitions and conflicts / Alexander Kiossev -- The rejected legacy / Nikolay Aretov -- Romania&apos;s return to Europe: between politics and culture / Dennis Deletant -- Revisiting historical and cultural myths and cliches: the Romanian case of nation state building / Ana Maria Dobre -- &quot;The turks were not as bad as written in history text books&quot;: acknowledging an Ottoman legacy in present-day Romania / Silvana Rachieru -- Cultural identity and cultural rights in Romania: the case of Transylvania / Andrea Carteny -- Reformulating identity in transition: the turks of Bulgaria after 1989 / Magdalena Elchinova -- Neo-Ottomanism, cultural diversity and contemporary Turkish politics / Yilmaz Colak -- Conflicts and contradictions in Turkey&apos;s adaptation to multi-level governance in the EU: the role of Ottoman legacy in Turkey&apos;s present-day regional governance / Ebru Ertugal -- New patterns of Balkan cooperation for Bulgaria, Romania, Greece and Turkey: the impact of the organisation of the Black Sea economic cooperation and NATO / Martina Petkova.</subfield></datafield><datafield ind1=' ' ind2='0' tag='650'><subfield code='a'>Nationalism</subfield><subfield code='z'>Balkan Peninsula.</subfield><subfield code='0'>http://id.loc.gov/authorities/subjects/sh2010103188</subfield></datafield><datafield ind1=' ' ind2='0' tag='651'><subfield code='a'>Balkan Peninsula</subfield><subfield code='x'>Relations</subfield><subfield code='z'>Europe.</subfield></datafield><datafield ind1=' ' ind2='0' tag='651'><subfield code='a'>Europe</subfield><subfield code='x'>Relations</subfield><subfield code='z'>Balkan Peninsula.</subfield></datafield><datafield ind1=' ' ind2='0' tag='651'><subfield code='a'>Balkan Peninsula</subfield><subfield code='x'>Politics and government</subfield><subfield code='y'>1989-</subfield><subfield code='0'>http://id.loc.gov/authorities/subjects/sh91000164</subfield></datafield><datafield ind1=' ' ind2='0' tag='651'><subfield code='a'>Balkan Peninsula</subfield><subfield code='x'>History.</subfield><subfield code='0'>http://id.loc.gov/authorities/subjects/sh85011196</subfield></datafield><datafield ind1=' ' ind2='0' tag='651'><subfield code='a'>Balkan Peninsula</subfield><subfield code='x'>Ethnic relations.</subfield><subfield code='0'>http://id.loc.gov/authorities/subjects/sh2008114348</subfield></datafield><datafield ind1='1' ind2=' ' tag='700'><subfield code='a'>Detrez, Raymond,</subfield><subfield code='d'>1948-</subfield><subfield code='0'>http://id.loc.gov/authorities/names/n93048440</subfield></datafield><datafield ind1='1' ind2=' ' tag='700'><subfield code='a'>Segaert, Barbara.</subfield><subfield code='0'>http://id.loc.gov/authorities/names/n2004154584</subfield></datafield><datafield ind1=' ' ind2=' ' tag='902'><subfield code='a'>ldm</subfield><subfield code='b'>l</subfield><subfield code='6'>a</subfield><subfield code='7'>m</subfield><subfield code='d'>v</subfield><subfield code='f'>1</subfield><subfield code='e'>20090108</subfield></datafield><datafield ind1=' ' ind2=' ' tag='904'><subfield code='a'>wcs</subfield><subfield code='b'>o</subfield><subfield code='h'>m</subfield><subfield code='c'>b</subfield><subfield code='e'>20081119</subfield></datafield><datafield ind1=' ' ind2=' ' tag='914'><subfield code='a'>(OCoLC)ocn173809065</subfield><subfield code='b'>OCoLC</subfield><subfield code='c'>match</subfield><subfield code='d'>20240710</subfield><subfield code='e'>processed</subfield><subfield code='f'>173809065</subfield></datafield><datafield ind1=' ' ind2=' ' tag='AVA'><subfield code='0'>9956102713506421</subfield><subfield code='8'>22506672360006421</subfield><subfield code='a'>01PRI_INST</subfield><subfield code='b'>firestone</subfield><subfield code='c'>Stacks</subfield><subfield code='d'>DR38.3.E85 E93 2008</subfield><subfield code='e'>available</subfield><subfield code='f'>1</subfield><subfield code='g'>0</subfield><subfield code='j'>stacks</subfield><subfield code='k'>0</subfield><subfield code='p'>1</subfield><subfield code='q'>Firestone Library</subfield></datafield></record>