
<record><leader>01697nam a2200397 i 4500</leader><controlfield tag='001'>99125524622506421</controlfield><controlfield tag='005'>20240813094034.0</controlfield><controlfield tag='008'>220308e202203  it       b    000 0 spa d</controlfield><datafield ind1=' ' ind2=' ' tag='020'><subfield code='a'>9788855266543 :</subfield><subfield code='c'>28.00 EUR</subfield></datafield><datafield ind1=' ' ind2=' ' tag='035'><subfield code='a'>(ItFiC)5170557</subfield></datafield><datafield ind1=' ' ind2=' ' tag='035'><subfield code='a'>(OCoLC)on1315022072</subfield></datafield><datafield ind1=' ' ind2=' ' tag='040'><subfield code='a'>ItFiC</subfield><subfield code='b'>eng</subfield><subfield code='e'>rda</subfield><subfield code='c'>ItFiC</subfield></datafield><datafield ind1='0' ind2='0' tag='050'><subfield code='a'>PQ7489.3.C36</subfield><subfield code='b'>Z53 2022</subfield></datafield><datafield ind1='1' ind2=' ' tag='100'><subfield code='a'>Carini, Sara,</subfield><subfield code='e'>author.</subfield></datafield><datafield ind1='1' ind2='3' tag='245'><subfield code='a'>La expresión poética de Shirley Campbell Barr y Mayra Santos Febres /</subfield><subfield code='c'>Sara Carini.</subfield></datafield><datafield ind1=' ' ind2=' ' tag='250'><subfield code='a'>Prima edizione.</subfield></datafield><datafield ind1=' ' ind2='1' tag='264'><subfield code='a'>Milano - Italy :</subfield><subfield code='b'>Ledizioni,</subfield><subfield code='c'>marzo 2022.</subfield></datafield><datafield ind1=' ' ind2=' ' tag='300'><subfield code='a'>253 pages ;</subfield><subfield code='c'>24 cm</subfield></datafield><datafield ind1=' ' ind2=' ' tag='336'><subfield code='a'>text</subfield><subfield code='b'>txt</subfield><subfield code='2'>rdacontent</subfield></datafield><datafield ind1=' ' ind2=' ' tag='337'><subfield code='a'>unmediated</subfield><subfield code='b'>n</subfield><subfield code='2'>rdamedia</subfield></datafield><datafield ind1=' ' ind2=' ' tag='338'><subfield code='a'>volume</subfield><subfield code='b'>nc</subfield><subfield code='2'>rdacarrier</subfield></datafield><datafield ind1=' ' ind2=' ' tag='504'><subfield code='a'>Includes bibliographical references.</subfield></datafield><datafield ind1='1' ind2='0' tag='600'><subfield code='a'>Campbell Barr, Shirley,</subfield><subfield code='d'>1965-</subfield><subfield code='x'>Criticism and interpretation.</subfield></datafield><datafield ind1='1' ind2='0' tag='600'><subfield code='a'>Santos-Febres, Mayra,</subfield><subfield code='d'>1966-</subfield><subfield code='x'>Criticism and interpretation.</subfield></datafield><datafield ind1='0' ind2=' ' tag='852'><subfield code='b'>f</subfield><subfield code='h'>PQ7489.3.C36</subfield><subfield code='i'>Z53 2022</subfield></datafield><datafield ind1=' ' ind2=' ' tag='900'><subfield code='a'>(c) Casalini Libri, CP 12, 50014 Fiesole (Italy). Email: info@casalini.it</subfield></datafield><datafield ind1=' ' ind2=' ' tag='901'><subfield code='a'>http://ilibri.casalini.it/5170557</subfield><subfield code='c'>it 22705945</subfield></datafield><datafield ind1=' ' ind2=' ' tag='910'><subfield code='a'>Supplied on B.O.</subfield><subfield code='b'>APPROVAL PLAN</subfield><subfield code='d'>NJM000B</subfield><subfield code='e'>Princeton Univ. Libraries</subfield><subfield code='g'>CAS</subfield></datafield><datafield ind1=' ' ind2=' ' tag='914'><subfield code='a'>(OCoLC)on1315022072</subfield><subfield code='b'>OCoLC</subfield><subfield code='c'>match</subfield><subfield code='d'>20221117</subfield><subfield code='e'>processed</subfield><subfield code='f'>1315022072</subfield></datafield><datafield ind1=' ' ind2=' ' tag='920'><subfield code='d'>Casalini Libri</subfield></datafield><datafield ind1='4' ind2='2' tag='956'><subfield code='3'>TOC</subfield><subfield code='u'>http://ilibri.casalini.it/toc/5170557</subfield></datafield><datafield ind1=' ' ind2=' ' tag='980'><subfield code='a'>20220609</subfield><subfield code='b'>2800</subfield><subfield code='c'>280</subfield><subfield code='e'>3080</subfield><subfield code='f'>22-16704</subfield><subfield code='g'>1</subfield><subfield code='h'>G0401mon</subfield><subfield code='i'>3226</subfield><subfield code='j'>3548</subfield><subfield code='n'>8188174</subfield><subfield code='o'>22705945</subfield><subfield code='p'>20220505</subfield><subfield code='r'>EUR</subfield></datafield><datafield ind1=' ' ind2=' ' tag='981'><subfield code='b'>28.00</subfield><subfield code='c'>2.80</subfield><subfield code='e'>30.80</subfield><subfield code='j'>35.48</subfield><subfield code='k'>USD</subfield><subfield code='u'>3.23</subfield></datafield><datafield ind1=' ' ind2=' ' tag='983'><subfield code='a'>32101104114754</subfield></datafield><datafield ind1=' ' ind2=' ' tag='985'><subfield code='a'>PQ7489 .3 .C36 Z53 2022</subfield></datafield><datafield ind1=' ' ind2=' ' tag='990'><subfield code='b'>28.00 EUR</subfield><subfield code='c'>2.80 EUR</subfield><subfield code='e'>30.80 EUR</subfield><subfield code='i'>32.26</subfield><subfield code='j'>35.48 USD</subfield><subfield code='u'>3.23 USD</subfield></datafield><datafield ind1=' ' ind2=' ' tag='AVA'><subfield code='0'>99125524622506421</subfield><subfield code='8'>22934744370006421</subfield><subfield code='a'>01PRI_INST</subfield><subfield code='b'>recap</subfield><subfield code='c'>Remote Storage</subfield><subfield code='d'>PQ7489.3.C36 Z53 2022</subfield><subfield code='e'>available</subfield><subfield code='f'>1</subfield><subfield code='g'>0</subfield><subfield code='j'>pa</subfield><subfield code='k'>0</subfield><subfield code='p'>1</subfield><subfield code='q'>ReCAP</subfield></datafield></record>