
<record><leader>03479nam a2200337 i 4500</leader><controlfield tag='001'>99126203623206421</controlfield><controlfield tag='005'>20230326085245.0</controlfield><controlfield tag='006'>m     o  d</controlfield><controlfield tag='007'>cr |||||||||||</controlfield><controlfield tag='008'>230326s2022    it      ob    000 0 spa d</controlfield><datafield ind1=' ' ind2=' ' tag='020'><subfield code='a'>9788855266550</subfield></datafield><datafield ind1=' ' ind2=' ' tag='020'><subfield code='a'>8855266551</subfield></datafield><datafield ind1=' ' ind2=' ' tag='035'><subfield code='a'>(CKB)4920000000878595</subfield></datafield><datafield ind1=' ' ind2=' ' tag='035'><subfield code='a'>(NjHacI)994920000000878595</subfield></datafield><datafield ind1=' ' ind2=' ' tag='035'><subfield code='a'>(Perlego)3292179</subfield></datafield><datafield ind1=' ' ind2=' ' tag='035'><subfield code='a'>(EXLCZ)994920000000878595</subfield></datafield><datafield ind1=' ' ind2=' ' tag='040'><subfield code='a'>NjHacI</subfield><subfield code='b'>eng</subfield><subfield code='e'>rda</subfield><subfield code='c'>NjHacl</subfield></datafield><datafield ind1=' ' ind2='4' tag='050'><subfield code='a'>PQ7440.S26</subfield><subfield code='b'>.C375 2022</subfield></datafield><datafield ind1='0' ind2='4' tag='082'><subfield code='a'>863.64</subfield><subfield code='2'>23</subfield></datafield><datafield ind1='1' ind2=' ' tag='100'><subfield code='a'>Carini, Sara,</subfield><subfield code='e'>author.</subfield></datafield><datafield ind1='1' ind2='3' tag='245'><subfield code='a'>La expresión poética de Shirley Campbell Barr y Mayra Santos Febres /</subfield><subfield code='c'>Sara Carini.</subfield></datafield><datafield ind1=' ' ind2='1' tag='264'><subfield code='a'>Milano, Italy :</subfield><subfield code='b'>Ledizioni,</subfield><subfield code='c'>[2022]</subfield></datafield><datafield ind1=' ' ind2='4' tag='264'><subfield code='c'>©2022</subfield></datafield><datafield ind1=' ' ind2=' ' tag='300'><subfield code='a'>1 online resource (253 pages)</subfield></datafield><datafield ind1=' ' ind2=' ' tag='336'><subfield code='a'>text</subfield><subfield code='b'>txt</subfield><subfield code='2'>rdacontent</subfield></datafield><datafield ind1=' ' ind2=' ' tag='337'><subfield code='a'>computer</subfield><subfield code='b'>c</subfield><subfield code='2'>rdamedia</subfield></datafield><datafield ind1=' ' ind2=' ' tag='338'><subfield code='a'>online resource</subfield><subfield code='b'>cr</subfield><subfield code='2'>rdacarrier</subfield></datafield><datafield ind1=' ' ind2=' ' tag='588'><subfield code='a'>Description based on print version of record.</subfield></datafield><datafield ind1=' ' ind2=' ' tag='520'><subfield code='a'>Esta monografía se plantea el análisis de los patrones temáticos y poéticos que definen la poesía de Shirley Campbell Barr y Mayra Santos Febres. Los resultados de la investigación permiten destacar los puntos de contacto entre la producción de ambas autoras, pero también delinean los vínculos que la producción de las dos poetas mantiene con la producción literaria del marco afrodescendiente. Al mismo tiempo, el estudio aclara los elementos por los cuales su poesía puede ser incluida en la reciente categoría analítica de &apos;literatura de la afrodescendencia&apos;.</subfield></datafield><datafield ind1=' ' ind2=' ' tag='504'><subfield code='a'>Includes bibliographical references.</subfield></datafield><datafield ind1='0' ind2=' ' tag='505'><subfield code='a'>Premisa -- 1. Cuestiones terminológicas -- 1. En búsqueda de un nombre -- 2. ¿Una identidad compuesta&quot;? -- 3. Identidades colectivas: la perspectiva de Stuart Hall 4. Campo literario y afrodescendencia -- Bibliografia -- 2. Nuevas perspectivas: el Ser-como-Relación -- 1. De nuevo sobre literatura y afrodescendencia -- 2. Deconstruir la fabulación: reubicar la perspectiva ajena 3. La conciencia negra del negro -- 4. La negritud de Aimé Césaire -- 5. La cultura desde la diferencia: antillanité, créolisation, creolité -- 6. Redes de ideas: la acción poética de las negritudes afrocaribeñas -- 7. La cultura en transformación: desvío, traducción y transculturación Bibliografia -- 3. El contrapunteo poético -- 1. El punto de partida: la cultura rizoma -- 2. Cómo analizar la producción literaria de una cultura rizoma -- 3. La criollización glissantiana y el contrapunteo barroco latinoamericano -- 4. El barroquismo de la voz afrodescendiente -- 5. Recursos del contrapunto poético afrodescendientes Bibliografia -- 4. Poetizar el cuerpo para salir del estigma -- 1. Ponerse a la vista -- 2. Campbell Barr y Santos Febres: poetizar cuerpos -- para la herstory afrodescendiente de Centroamérica y el Caribe -- 3. Shirley Campbell Barr: el cuerpo y la historia -- 4. Mayra Santos Febres: «&lt;el cuerpo negro de la provocación»&gt; -- 5. Cuerpos que existen -- Bibliografia -- 5. Ritmos e imágenes en la poesía de Shirley Campbell Barr y Mayra Santos Febres -- 1. Renovar la hermenéutica -- 2. Ritmo, imágenes y figuras en la poesía de Shirley Campbell Barr -- 3. Ritmo, imágenes y figuras en la poesía de Mayra Santos Febres -- 4. Ritmo y repetición: cultura y memoria -- Bibliografia -- Epílogo Agradecimientos.</subfield></datafield><datafield ind1='1' ind2='0' tag='600'><subfield code='a'>Santos-Febres, Mayra,</subfield><subfield code='d'>1966-</subfield><subfield code='x'>Criticism and interpretation.</subfield></datafield><datafield ind1='1' ind2='0' tag='600'><subfield code='a'>Campbell Barr, Shirley,</subfield><subfield code='d'>1965-</subfield><subfield code='x'>Criticism and interpretation.</subfield></datafield><datafield ind1='0' ind2='8' tag='776'><subfield code='z'>9788855266543</subfield></datafield><datafield ind1='0' ind2='8' tag='776'><subfield code='z'>8855266543</subfield></datafield><datafield ind1=' ' ind2=' ' tag='906'><subfield code='a'>BOOK</subfield></datafield><datafield ind1=' ' ind2=' ' tag='AVE'><subfield code='8'>53926001960006421</subfield><subfield code='c'>61753493830006421</subfield><subfield code='e'>Available</subfield><subfield code='m'>DOAB Directory of Open Access Books</subfield><subfield code='t'>DOAB Directory of Open Access Books</subfield><subfield code='a'>01PRI_INST</subfield><subfield code='0'>99126203623206421</subfield></datafield><datafield ind1=' ' ind2=' ' tag='AVE'><subfield code='8'>531078689480006421</subfield><subfield code='c'>611078409860006421</subfield><subfield code='e'>Available</subfield><subfield code='m'>Torrossa Open Access eBooks</subfield><subfield code='t'>Casalini Torrossa</subfield><subfield code='a'>01PRI_INST</subfield><subfield code='0'>99126203623206421</subfield></datafield></record>