
<record><leader>01272cam a2200313 a 4500</leader><controlfield tag='001'>9963164793506421</controlfield><controlfield tag='005'>20240718072258.0</controlfield><controlfield tag='008'>091118s2009    flu    e      000 f spa d</controlfield><datafield ind1=' ' ind2=' ' tag='019'><subfield code='a'>441146304</subfield></datafield><datafield ind1=' ' ind2=' ' tag='020'><subfield code='a'>9781603969369 (pbk.)</subfield></datafield><datafield ind1=' ' ind2=' ' tag='020'><subfield code='a'>1603969365 (pbk.)</subfield></datafield><datafield ind1=' ' ind2=' ' tag='035'><subfield code='a'>(NjP)6316479-princetondb</subfield></datafield><datafield ind1=' ' ind2=' ' tag='035'><subfield code='z'>(OCoLC)441146304</subfield></datafield><datafield ind1=' ' ind2=' ' tag='035'><subfield code='z'>(NjP)Voyager6316479</subfield></datafield><datafield ind1=' ' ind2=' ' tag='035'><subfield code='a'>(OCoLC)ocn466671349</subfield></datafield><datafield ind1=' ' ind2=' ' tag='040'><subfield code='a'>PBR</subfield><subfield code='b'>eng</subfield><subfield code='c'>PBR</subfield><subfield code='d'>PBR</subfield><subfield code='d'>SAP</subfield><subfield code='d'>LNQ</subfield><subfield code='d'>IF9</subfield><subfield code='d'>YDXCP</subfield><subfield code='d'>BTCTA</subfield><subfield code='d'>IXA</subfield><subfield code='d'>VP@</subfield><subfield code='d'>JRN</subfield></datafield><datafield ind1=' ' ind2='7' tag='041'><subfield code='a'>spa</subfield><subfield code='2'>iso639-3</subfield></datafield><datafield ind1=' ' ind2='4' tag='050'><subfield code='a'>PQ7440.S26</subfield><subfield code='b'>F4 2009</subfield></datafield><datafield ind1='1' ind2=' ' tag='100'><subfield code='a'>Santos-Febres, Mayra,</subfield><subfield code='d'>1966-</subfield><subfield code='0'>http://id.loc.gov/authorities/names/n97008809</subfield></datafield><datafield ind1='1' ind2='0' tag='242'><subfield code='a'>Faith in disguise.</subfield><subfield code='y'>eng</subfield></datafield><datafield ind1='1' ind2='0' tag='245'><subfield code='a'>Fe en disfraz /</subfield><subfield code='c'>Mayra Santos Febres.</subfield></datafield><datafield ind1=' ' ind2=' ' tag='260'><subfield code='a'>Doral, Fl. :</subfield><subfield code='b'>Alfaguara,</subfield><subfield code='c'>2009.</subfield></datafield><datafield ind1=' ' ind2=' ' tag='300'><subfield code='a'>115 p. ;</subfield><subfield code='c'>23 cm.</subfield></datafield><datafield ind1=' ' ind2=' ' tag='546'><subfield code='a'>Text in Spanish.</subfield></datafield><datafield ind1=' ' ind2=' ' tag='520'><subfield code='a'>A Latin American girl grows up in Chicago and begins comparing the human body to costumes worn on Halloween, as she reaches an understanding about her own identity and sexuality.</subfield></datafield><datafield ind1=' ' ind2='7' tag='655'><subfield code='a'>Novels.</subfield><subfield code='2'>lcgft</subfield><subfield code='0'>http://id.loc.gov/authorities/genreForms/gf2015026020</subfield></datafield><datafield ind1=' ' ind2=' ' tag='902'><subfield code='a'>ded</subfield><subfield code='b'>m</subfield><subfield code='6'>a</subfield><subfield code='7'>m</subfield><subfield code='d'>v</subfield><subfield code='f'>1</subfield><subfield code='e'>20110415</subfield></datafield><datafield ind1=' ' ind2=' ' tag='904'><subfield code='a'>twm</subfield><subfield code='b'>o</subfield><subfield code='h'>m</subfield><subfield code='c'>b</subfield><subfield code='e'>20101108</subfield></datafield><datafield ind1=' ' ind2=' ' tag='914'><subfield code='a'>(OCoLC)ocn466671349</subfield><subfield code='b'>OCoLC</subfield><subfield code='c'>match</subfield><subfield code='d'>20240710</subfield><subfield code='e'>processed</subfield><subfield code='f'>466671349</subfield></datafield><datafield ind1=' ' ind2=' ' tag='AVA'><subfield code='0'>9963164793506421</subfield><subfield code='8'>22567722930006421</subfield><subfield code='a'>01PRI_INST</subfield><subfield code='b'>firestone</subfield><subfield code='c'>Stacks</subfield><subfield code='d'>PQ7440.S26 F4 2009</subfield><subfield code='e'>unavailable</subfield><subfield code='f'>1</subfield><subfield code='g'>1</subfield><subfield code='j'>stacks</subfield><subfield code='k'>0</subfield><subfield code='p'>1</subfield><subfield code='q'>Firestone Library</subfield></datafield></record>