
<record><leader>02693cam a2200589 i 4500</leader><controlfield tag='001'>99130306048906421</controlfield><controlfield tag='005'>20251106053451.0</controlfield><controlfield tag='008'>160420s2016    it       b    001 0 ita d</controlfield><datafield ind1=' ' ind2=' ' tag='020'><subfield code='a'>9788868434588</subfield></datafield><datafield ind1=' ' ind2=' ' tag='020'><subfield code='a'>886843458X</subfield></datafield><datafield ind1=' ' ind2=' ' tag='035'><subfield code='a'>(OCoLC)ocn951392885</subfield></datafield><datafield ind1=' ' ind2=' ' tag='040'><subfield code='a'>C3L</subfield><subfield code='b'>eng</subfield><subfield code='e'>rda</subfield><subfield code='c'>C3L</subfield><subfield code='d'>OCLCO</subfield><subfield code='d'>DEBBG</subfield><subfield code='d'>HLS</subfield><subfield code='d'>OCLCO</subfield><subfield code='d'>OCLCF</subfield><subfield code='d'>OCLCQ</subfield><subfield code='d'>OCLCO</subfield><subfield code='d'>OCLCA</subfield><subfield code='d'>PAU</subfield><subfield code='d'>OCLCO</subfield><subfield code='d'>OCLCL</subfield><subfield code='d'>OCLCQ</subfield><subfield code='d'>PUL</subfield></datafield><datafield ind1='1' ind2=' ' tag='041'><subfield code='a'>ita</subfield><subfield code='a'>scn</subfield><subfield code='h'>scn</subfield></datafield><datafield ind1=' ' ind2=' ' tag='043'><subfield code='a'>e-it---</subfield></datafield><datafield ind1=' ' ind2='4' tag='050'><subfield code='a'>GR177.S5</subfield><subfield code='b'>P43 2016</subfield></datafield><datafield ind1='1' ind2='4' tag='082'><subfield code='a'>398</subfield><subfield code='2'>14</subfield></datafield><datafield ind1='1' ind2=' ' tag='100'><subfield code='a'>Pitrè, Giuseppe,</subfield><subfield code='d'>1841-1916,</subfield><subfield code='e'>compiler.</subfield><subfield code='1'>https://id.oclc.org/worldcat/entity/E39PBJrKMX6g6MgjYhvM4wYVmd</subfield></datafield><datafield ind1='1' ind2='0' tag='245'><subfield code='a'>Fiabe e leggende popolari siciliane /</subfield><subfield code='c'>Giuseppe Pitrè ; edizione integrale in dialetto siciliano con testo italiano a fronte ; traduzione e cura di Bianca Lazzaro ; prefazione di Giovanni Puglisi ; con una nota critica di Jacques Zipes ; e un&apos;appendice su La leggenda di Cola Pesce.</subfield></datafield><datafield ind1=' ' ind2='1' tag='264'><subfield code='a'>Roma :</subfield><subfield code='b'>Donzelli editore,</subfield><subfield code='c'>[2016]</subfield></datafield><datafield ind1=' ' ind2=' ' tag='300'><subfield code='a'>xlv, 911 pages ;</subfield><subfield code='c'>23 cm.</subfield></datafield><datafield ind1=' ' ind2=' ' tag='336'><subfield code='a'>text</subfield><subfield code='b'>txt</subfield><subfield code='2'>rdacontent</subfield></datafield><datafield ind1=' ' ind2=' ' tag='337'><subfield code='a'>unmediated</subfield><subfield code='b'>n</subfield><subfield code='2'>rdamedia</subfield></datafield><datafield ind1=' ' ind2=' ' tag='338'><subfield code='a'>volume</subfield><subfield code='b'>nc</subfield><subfield code='2'>rdacarrier</subfield></datafield><datafield ind1='0' ind2=' ' tag='490'><subfield code='a'>Biblioteca Donzelli</subfield></datafield><datafield ind1=' ' ind2=' ' tag='546'><subfield code='a'>Original fairy tales in Sicilian Italian with parallel Italian translation.</subfield></datafield><datafield ind1=' ' ind2=' ' tag='504'><subfield code='a'>Includes bibliographical references (pages 887-903) and indexes.</subfield></datafield><datafield ind1='0' ind2=' ' tag='561'><subfield code='3'>Princeton copy 1</subfield><subfield code='a'>From the library of Professor Jack Zipes.</subfield><subfield code='5'>NjP</subfield></datafield><datafield ind1=' ' ind2=' ' tag='500'><subfield code='a'>Fairy tales.</subfield></datafield><datafield ind1=' ' ind2=' ' tag='500'><subfield code='a'>Includes introductory texts (pages xiii-xlv).</subfield></datafield><datafield ind1=' ' ind2=' ' tag='500'><subfield code='a'>For the ed. without original Sicilian Italian text see our card no. 3119662, EAN 9788868434472.</subfield></datafield><datafield ind1=' ' ind2='0' tag='650'><subfield code='a'>Folk literature, Italian</subfield><subfield code='z'>Italy</subfield><subfield code='z'>Sicily.</subfield></datafield><datafield ind1=' ' ind2='0' tag='650'><subfield code='a'>Tales</subfield><subfield code='z'>Italy</subfield><subfield code='z'>Sicily.</subfield></datafield><datafield ind1=' ' ind2='0' tag='650'><subfield code='a'>Legends</subfield><subfield code='z'>Italy</subfield><subfield code='z'>Sicily.</subfield></datafield><datafield ind1=' ' ind2='6' tag='650'><subfield code='a'>Littérature populaire italienne</subfield><subfield code='z'>Italie</subfield><subfield code='z'>Sicile.</subfield></datafield><datafield ind1=' ' ind2='6' tag='650'><subfield code='a'>Contes</subfield><subfield code='z'>Italie</subfield><subfield code='z'>Sicile.</subfield></datafield><datafield ind1=' ' ind2='6' tag='650'><subfield code='a'>Légendes</subfield><subfield code='z'>Italie</subfield><subfield code='z'>Sicile.</subfield></datafield><datafield ind1=' ' ind2='7' tag='650'><subfield code='a'>Folk literature, Italian.</subfield><subfield code='2'>fast</subfield><subfield code='0'>(OCoLC)fst00929090</subfield></datafield><datafield ind1=' ' ind2='7' tag='650'><subfield code='a'>Legends.</subfield><subfield code='2'>fast</subfield><subfield code='0'>(OCoLC)fst00995592</subfield></datafield><datafield ind1=' ' ind2='7' tag='650'><subfield code='a'>Tales.</subfield><subfield code='2'>fast</subfield><subfield code='0'>(OCoLC)fst01142246</subfield></datafield><datafield ind1=' ' ind2='7' tag='651'><subfield code='a'>Italy</subfield><subfield code='z'>Sicily.</subfield><subfield code='2'>fast</subfield><subfield code='0'>(OCoLC)fst01204499</subfield></datafield><datafield ind1=' ' ind2='7' tag='650'><subfield code='a'>Legende</subfield><subfield code='2'>gnd</subfield></datafield><datafield ind1=' ' ind2='7' tag='650'><subfield code='a'>Sizilianisch</subfield><subfield code='2'>gnd</subfield></datafield><datafield ind1=' ' ind2='7' tag='650'><subfield code='a'>Fabel</subfield><subfield code='2'>gnd</subfield></datafield><datafield ind1=' ' ind2='7' tag='650'><subfield code='a'>Märchen.</subfield><subfield code='2'>gnd</subfield></datafield><datafield ind1=' ' ind2='7' tag='655'><subfield code='a'>Anthologie.</subfield><subfield code='2'>gnd-content</subfield></datafield><datafield ind1=' ' ind2='7' tag='655'><subfield code='a'>Fairy tales.</subfield><subfield code='2'>lcgft</subfield></datafield><datafield ind1='1' ind2=' ' tag='700'><subfield code='a'>Lazzaro, Bianca,</subfield><subfield code='e'>editor,</subfield><subfield code='e'>translator.</subfield></datafield><datafield ind1='1' ind2=' ' tag='700'><subfield code='a'>Puglisi, Gianni,</subfield><subfield code='e'>author of preface.</subfield></datafield><datafield ind1='1' ind2=' ' tag='700'><subfield code='a'>Zipes, Jack,</subfield><subfield code='d'>1937-</subfield><subfield code='e'>writer of added commentary.</subfield></datafield><datafield ind1='1' ind2=' ' tag='700'><subfield code='3'>Princeton copy 1</subfield><subfield code='a'>Zipes, Jack,</subfield><subfield code='e'>former owner.</subfield><subfield code='5'>NjP</subfield></datafield><datafield ind1=' ' ind2=' ' tag='902'><subfield code='a'>960223597</subfield><subfield code='w'>copy</subfield><subfield code='1'>20240412105003.0</subfield></datafield><datafield ind1=' ' ind2=' ' tag='914'><subfield code='a'>(OCoLC)ocn951392885</subfield><subfield code='b'>OCoLC</subfield><subfield code='c'>match</subfield><subfield code='d'>20251105</subfield><subfield code='e'>processed</subfield><subfield code='f'>951392885</subfield></datafield><datafield ind1=' ' ind2=' ' tag='AVA'><subfield code='0'>99130306048906421</subfield><subfield code='8'>221016487340006421</subfield><subfield code='a'>01PRI_INST</subfield><subfield code='b'>rare</subfield><subfield code='c'>Remote Storage (ReCAP): Cotsen Children&apos;s Library. Special Collections Use Only</subfield><subfield code='d'>Euro 21 RECAP-83442</subfield><subfield code='e'>available</subfield><subfield code='f'>1</subfield><subfield code='g'>0</subfield><subfield code='j'>xc</subfield><subfield code='k'>8</subfield><subfield code='p'>1</subfield><subfield code='q'>Special Collections</subfield><subfield code='t'></subfield></datafield></record>