
<record><leader>01420nam a2200373 i 4500</leader><controlfield tag='001'>99131185955106421</controlfield><controlfield tag='005'>20260514205335.0</controlfield><controlfield tag='008'>240807t20052005it a          000 1 ita d</controlfield><datafield ind1=' ' ind2=' ' tag='020'><subfield code='a'>9788880310761</subfield></datafield><datafield ind1=' ' ind2=' ' tag='020'><subfield code='a'>8880310763</subfield></datafield><datafield ind1=' ' ind2=' ' tag='035'><subfield code='a'>(OCoLC)1451462558</subfield></datafield><datafield ind1=' ' ind2=' ' tag='040'><subfield code='a'>PUL</subfield><subfield code='b'>eng</subfield><subfield code='e'>rda</subfield><subfield code='c'>PUL</subfield></datafield><datafield ind1='1' ind2=' ' tag='041'><subfield code='a'>ita</subfield><subfield code='h'>scn</subfield></datafield><datafield ind1=' ' ind2=' ' tag='043'><subfield code='a'>e-it---</subfield></datafield><datafield ind1=' ' ind2=' ' tag='090'><subfield code='a'>X45468</subfield></datafield><datafield ind1='1' ind2=' ' tag='100'><subfield code='a'>Pitrè, Giuseppe,</subfield><subfield code='d'>1841-1916,</subfield><subfield code='e'>author.</subfield></datafield><datafield ind1='1' ind2='0' tag='245'><subfield code='a'>Fiabe siciliane :</subfield><subfield code='b'>tradotte in italiano /</subfield><subfield code='c'>Giuseppe Pitrè.</subfield></datafield><datafield ind1=' ' ind2='1' tag='264'><subfield code='a'>[San Giovanni La Punta] :</subfield><subfield code='b'>Brancato,</subfield><subfield code='c'>[2005]</subfield></datafield><datafield ind1=' ' ind2='4' tag='264'><subfield code='c'>©2005</subfield></datafield><datafield ind1=' ' ind2=' ' tag='300'><subfield code='a'>140 pages :</subfield><subfield code='b'>illustrations ;</subfield><subfield code='c'>21 cm</subfield></datafield><datafield ind1=' ' ind2=' ' tag='336'><subfield code='a'>text</subfield><subfield code='b'>txt</subfield><subfield code='2'>rdacontent</subfield></datafield><datafield ind1=' ' ind2=' ' tag='337'><subfield code='a'>unmediated</subfield><subfield code='b'>n</subfield><subfield code='2'>rdamedia</subfield></datafield><datafield ind1=' ' ind2=' ' tag='338'><subfield code='a'>volume</subfield><subfield code='b'>nc</subfield><subfield code='2'>rdacarrier</subfield></datafield><datafield ind1=' ' ind2=' ' tag='520'><subfield code='a'>Folk tales from Sicily, translated into Italian.</subfield></datafield><datafield ind1='0' ind2=' ' tag='561'><subfield code='3'>Princeton copy 1</subfield><subfield code='a'>From the library of Professor Jack Zipes.</subfield><subfield code='5'>NjP</subfield></datafield><datafield ind1=' ' ind2='7' tag='655'><subfield code='a'>Folk tales.</subfield><subfield code='2'>lcgft</subfield></datafield><datafield ind1=' ' ind2='0' tag='650'><subfield code='a'>Tales</subfield><subfield code='z'>Italy</subfield><subfield code='z'>Sicily.</subfield></datafield><datafield ind1=' ' ind2='0' tag='650'><subfield code='a'>Folklore</subfield><subfield code='z'>Italy</subfield><subfield code='z'>Sicily.</subfield></datafield><datafield ind1=' ' ind2='6' tag='650'><subfield code='a'>Contes</subfield><subfield code='z'>Italie</subfield><subfield code='z'>Sicile.</subfield></datafield><datafield ind1=' ' ind2='6' tag='650'><subfield code='a'>Folklore</subfield><subfield code='z'>Italie</subfield><subfield code='z'>Sicile.</subfield></datafield><datafield ind1='1' ind2=' ' tag='700'><subfield code='3'>Princeton copy 1</subfield><subfield code='a'>Zipes, Jack,</subfield><subfield code='e'>former owner.</subfield><subfield code='5'>NjP</subfield></datafield><datafield ind1=' ' ind2=' ' tag='902'><subfield code='a'>940007633</subfield><subfield code='w'>original</subfield><subfield code='1'>20240807150805.0</subfield></datafield><datafield ind1=' ' ind2=' ' tag='914'><subfield code='a'>(OCoLC)on1451462558</subfield><subfield code='b'>OCoLC</subfield><subfield code='c'>match</subfield><subfield code='d'>20251105</subfield><subfield code='e'>processed</subfield><subfield code='f'>1451462558</subfield></datafield><datafield ind1=' ' ind2=' ' tag='916'><subfield code='a'>2026-03-12</subfield><subfield code='b'>(OCoLC)1451462558</subfield><subfield code='c'>New collection customer.1791.allpul</subfield><subfield code='d'>99131185955106421</subfield><subfield code='e'>WorldShare Record Update</subfield><subfield code='f'>processed</subfield></datafield><datafield ind1=' ' ind2=' ' tag='AVA'><subfield code='0'>99131185955106421</subfield><subfield code='8'>221025000300006421</subfield><subfield code='a'>01PRI_INST</subfield><subfield code='b'>rare</subfield><subfield code='c'>Remote Storage (ReCAP): Cotsen Children&apos;s Library. Special Collections Use Only</subfield><subfield code='d'>Euro 21 RECAP-82948</subfield><subfield code='e'>available</subfield><subfield code='f'>1</subfield><subfield code='g'>0</subfield><subfield code='j'>xc</subfield><subfield code='k'>8</subfield><subfield code='p'>1</subfield><subfield code='q'>Special Collections</subfield></datafield></record>