
<record><leader>03593cam a2200481 i 4500</leader><controlfield tag='001'>99130896262006421</controlfield><controlfield tag='005'>20260514191123.0</controlfield><controlfield tag='008'>230405t20232023ie a          000 0aeng d</controlfield><datafield ind1=' ' ind2=' ' tag='010'><subfield code='a'>2023513249</subfield></datafield><datafield ind1=' ' ind2=' ' tag='015'><subfield code='a'>GBC3G3937</subfield><subfield code='2'>bnb</subfield></datafield><datafield ind1='7' ind2=' ' tag='016'><subfield code='a'>021191073</subfield><subfield code='2'>Uk</subfield></datafield><datafield ind1=' ' ind2=' ' tag='020'><subfield code='a'>1843518740</subfield><subfield code='q'>(paperback)</subfield></datafield><datafield ind1=' ' ind2=' ' tag='020'><subfield code='a'>9781843518747</subfield><subfield code='q'>(paperback)</subfield></datafield><datafield ind1='1' ind2=' ' tag='029'><subfield code='a'>UKMGB</subfield><subfield code='b'>021191073</subfield></datafield><datafield ind1=' ' ind2=' ' tag='035'><subfield code='a'>(OCoLC)1374815035</subfield></datafield><datafield ind1=' ' ind2=' ' tag='040'><subfield code='a'>YDX</subfield><subfield code='b'>eng</subfield><subfield code='e'>rda</subfield><subfield code='c'>YDX</subfield><subfield code='d'>UKMGB</subfield><subfield code='d'>OCLCF</subfield><subfield code='d'>OCLCO</subfield><subfield code='d'>OCLCQ</subfield><subfield code='d'>ERASA</subfield><subfield code='d'>YDX</subfield><subfield code='d'>BUF</subfield></datafield><datafield ind1=' ' ind2=' ' tag='043'><subfield code='a'>e-ie---</subfield></datafield><datafield ind1=' ' ind2='4' tag='050'><subfield code='a'>NA997.T68</subfield><subfield code='b'>A3 2023</subfield></datafield><datafield ind1=' ' ind2='4' tag='050'><subfield code='a'>NA997.T68</subfield><subfield code='b'>A2 2023</subfield></datafield><datafield ind1='0' ind2='4' tag='082'><subfield code='a'>720.92</subfield><subfield code='2'>23</subfield></datafield><datafield ind1='1' ind2=' ' tag='100'><subfield code='a'>Tuomey, John,</subfield><subfield code='d'>1954-</subfield><subfield code='e'>author.</subfield></datafield><datafield ind1='1' ind2='0' tag='245'><subfield code='a'>First quarter /</subfield><subfield code='c'>John Tuomey.</subfield></datafield><datafield ind1=' ' ind2='1' tag='264'><subfield code='a'>Dublin :</subfield><subfield code='b'>The Lilliput Press Ltd,</subfield><subfield code='c'>2023.</subfield></datafield><datafield ind1=' ' ind2='4' tag='264'><subfield code='c'>©2023</subfield></datafield><datafield ind1=' ' ind2=' ' tag='300'><subfield code='a'>x, 179 pages :</subfield><subfield code='b'>illustrations ;</subfield><subfield code='c'>20 cm</subfield></datafield><datafield ind1=' ' ind2=' ' tag='336'><subfield code='a'>text</subfield><subfield code='2'>rdacontent</subfield></datafield><datafield ind1=' ' ind2=' ' tag='337'><subfield code='a'>unmediated</subfield><subfield code='2'>rdamedia</subfield></datafield><datafield ind1=' ' ind2=' ' tag='338'><subfield code='a'>volume</subfield><subfield code='2'>rdacarrier</subfield></datafield><datafield ind1='8' ind2=' ' tag='520'><subfield code='a'>In this reflective and enriching memoir, John Tuomey navigates the places and memories of his life over the scope of twenty-five years. First recognised for the urban regeneration of Dublin?s Temple Bar, which included the construction of the Irish Film Institute, the National Photographic Archive and Gallery of Photography, his life in architecture led him to design social and cultural spaces such as the Lyric Theatre in Belfast, the Glucksman Gallery in UCC and the Victoria &amp; Albert East Museum in London.00Imbued with many inter-textual references to poetry, drama and literature and written in limpid prose, this memoir is inherently literary in nature. Tuomey looks back to his early life where he was born in Tralee and lived in different counties around Ireland, from small towns to country landscapes, from schooldays in Dundalk to student activism at University College Dublin. He traces the pathways that led to his formation as an architect, reflecting on the many cultural and social influences on his life. He excels in capturing the social landscape of Dublin in the 1980s and pays particular attention to the many buildings and social hubs of the inner city. His transient years of moving from Dublin to London, and subsequently working in places like Nairobi and Milan, chronicle the international influences on his outlook. The key relationships in his life, including meeting his future wife, Sheila ? a fellow student of architecture in UCD ? and his pivotal employment by James Stirling in 1976, form the backbone of his personal and professional life.00Tuomey?s expertise in his field is unsurpassed, with meticulous detail given to the finer aspects of design and architecture. His thoughts on the challenges facing the encroaching erasure of city life in Dublin are essential reading for anyone with an interest in the future of building in the city.</subfield></datafield><datafield ind1=' ' ind2='7' tag='655'><subfield code='a'>Biographies</subfield><subfield code='2'>fast</subfield></datafield><datafield ind1='1' ind2='0' tag='600'><subfield code='a'>Tuomey, John,</subfield><subfield code='d'>1954-</subfield><subfield code='x'>Homes and haunts.</subfield></datafield><datafield ind1='1' ind2='0' tag='600'><subfield code='a'>Tuomey, John,</subfield><subfield code='d'>1954-</subfield><subfield code='x'>Childhood and youth.</subfield></datafield><datafield ind1='1' ind2='7' tag='600'><subfield code='a'>Tuomey, John,</subfield><subfield code='d'>1954-</subfield><subfield code='2'>fast</subfield></datafield><datafield ind1=' ' ind2='0' tag='650'><subfield code='a'>Architects</subfield><subfield code='z'>Ireland</subfield><subfield code='v'>Biography.</subfield></datafield><datafield ind1=' ' ind2='6' tag='650'><subfield code='a'>Architectes</subfield><subfield code='z'>Irlande</subfield><subfield code='v'>Biographies.</subfield></datafield><datafield ind1=' ' ind2='7' tag='650'><subfield code='a'>Architects</subfield><subfield code='2'>fast</subfield></datafield><datafield ind1=' ' ind2='7' tag='650'><subfield code='a'>Childhood and youth of a person</subfield><subfield code='2'>fast</subfield></datafield><datafield ind1=' ' ind2='7' tag='650'><subfield code='a'>Homes</subfield><subfield code='2'>fast</subfield></datafield><datafield ind1=' ' ind2='7' tag='651'><subfield code='a'>Ireland</subfield><subfield code='2'>fast</subfield></datafield><datafield ind1=' ' ind2=' ' tag='902'><subfield code='a'>010003898</subfield><subfield code='w'>copy</subfield><subfield code='1'>20240607133511.0</subfield></datafield><datafield ind1=' ' ind2=' ' tag='914'><subfield code='a'>(OCoLC)on1374815035</subfield><subfield code='b'>OCoLC</subfield><subfield code='c'>match</subfield><subfield code='d'>20240717</subfield><subfield code='e'>processed</subfield><subfield code='f'>1374815035</subfield></datafield><datafield ind1=' ' ind2=' ' tag='916'><subfield code='a'>2026-03-12</subfield><subfield code='b'>(OCoLC)1374815035</subfield><subfield code='c'>New collection customer.1791.allpul</subfield><subfield code='d'>99130896262006421</subfield><subfield code='e'>WorldShare Record Update</subfield><subfield code='f'>processed</subfield></datafield><datafield ind1=' ' ind2=' ' tag='980'><subfield code='i'>12.9061069499999998555495039909146726131439208984375</subfield><subfield code='s'>INV0071</subfield></datafield><datafield ind1=' ' ind2=' ' tag='AVA'><subfield code='0'>99130896262006421</subfield><subfield code='8'>221020074280006421</subfield><subfield code='a'>01PRI_INST</subfield><subfield code='b'>firestone</subfield><subfield code='c'>Stacks</subfield><subfield code='d'>NA997.T68 A3 2023</subfield><subfield code='e'>available</subfield><subfield code='f'>1</subfield><subfield code='g'>0</subfield><subfield code='j'>stacks</subfield><subfield code='k'>0</subfield><subfield code='p'>1</subfield><subfield code='q'>Firestone Library</subfield></datafield></record>