
<record><leader>01324cam a2200265Ia 4500</leader><controlfield tag='001'>9987722143506421</controlfield><controlfield tag='005'>20201005130139.0</controlfield><controlfield tag='006'>m     o  d</controlfield><controlfield tag='007'>cr mn |||||a|a</controlfield><controlfield tag='008'>870603s1814    enk     o     000 0 eng d</controlfield><datafield ind1=' ' ind2=' ' tag='035'><subfield code='a'>(OCoLC)875139342</subfield></datafield><datafield ind1=' ' ind2=' ' tag='035'><subfield code='a'>(MiFhGG)NCCO2015988</subfield></datafield><datafield ind1=' ' ind2=' ' tag='035'><subfield code='a'>(NjP)8772214-princetondb</subfield></datafield><datafield ind1=' ' ind2=' ' tag='035'><subfield code='z'>(NjP)Voyager8772214</subfield></datafield><datafield ind1=' ' ind2=' ' tag='040'><subfield code='a'>MIGCL</subfield><subfield code='c'>UtOrBLW</subfield></datafield><datafield ind1=' ' ind2='4' tag='050'><subfield code='a'>HQ1121</subfield></datafield><datafield ind1=' ' ind2=' ' tag='090'><subfield code='a'>Electronic Resource</subfield></datafield><datafield ind1='1' ind2=' ' tag='100'><subfield code='a'>Southcott, Joanna,</subfield><subfield code='d'>1750-1814.</subfield><subfield code='0'>http://id.loc.gov/authorities/names/n81055374</subfield></datafield><datafield ind1='1' ind2='4' tag='245'><subfield code='a'>The fourth book of wonders</subfield><subfield code='h'>[electronic resource] :</subfield><subfield code='b'>being the answer of the Lord to the Hebrews.</subfield></datafield><datafield ind1=' ' ind2=' ' tag='260'><subfield code='a'>London :</subfield><subfield code='b'>Printed by W. Marchant,</subfield><subfield code='c'>1814.</subfield></datafield><datafield ind1=' ' ind2=' ' tag='300'><subfield code='a'>1 online resource (80 p.).</subfield></datafield><datafield ind1='1' ind2=' ' tag='490'><subfield code='a'>Nineteenth Century Collections Online (NCCO): Women: Transnational Networks</subfield></datafield><datafield ind1=' ' ind2=' ' tag='500'><subfield code='a'>Reproduction of the original from the Sterling Memorial Library, Yale University.</subfield></datafield><datafield ind1=' ' ind2='0' tag='650'><subfield code='a'>Prophecies.</subfield><subfield code='0'>http://id.loc.gov/authorities/subjects/sh85107523</subfield></datafield><datafield ind1=' ' ind2='0' tag='830'><subfield code='a'>Nineteenth Century Collections Online (NCCO): Women: Transnational Networks.</subfield></datafield><datafield ind1=' ' ind2=' ' tag='AVE'><subfield code='8'>53836167430006421</subfield><subfield code='c'>61922707500006421</subfield><subfield code='e'>Available</subfield><subfield code='l'>online</subfield><subfield code='m'>Nineteenth Century Collections Online (NCCO): Women: Transnational Networks</subfield><subfield code='a'>01PRI_INST</subfield><subfield code='0'>9987722143506421</subfield></datafield></record>