
<record><leader>01191cam a2200325 i 4500</leader><controlfield tag='001'>99112222563506421</controlfield><controlfield tag='005'>20240711093513.0</controlfield><controlfield tag='008'>180821s2018    pr            000 p spa c</controlfield><datafield ind1=' ' ind2=' ' tag='020'><subfield code='a'>9781942989509</subfield></datafield><datafield ind1=' ' ind2=' ' tag='020'><subfield code='a'>1942989504</subfield></datafield><datafield ind1=' ' ind2=' ' tag='035'><subfield code='a'>(NjP)11222256-princetondb</subfield></datafield><datafield ind1=' ' ind2=' ' tag='035'><subfield code='z'>(NjP)Voyager11222256</subfield></datafield><datafield ind1=' ' ind2=' ' tag='035'><subfield code='a'>(OCoLC)on1048951882</subfield></datafield><datafield ind1=' ' ind2=' ' tag='040'><subfield code='a'>PAU</subfield><subfield code='b'>eng</subfield><subfield code='e'>rda</subfield><subfield code='c'>PAU</subfield><subfield code='d'>STF</subfield><subfield code='d'>OCLCF</subfield><subfield code='d'>OCLCO</subfield><subfield code='d'>YUS</subfield><subfield code='d'>COD</subfield></datafield><datafield ind1=' ' ind2=' ' tag='042'><subfield code='a'>pcc</subfield></datafield><datafield ind1=' ' ind2='4' tag='050'><subfield code='a'>PQ7440.S26</subfield><subfield code='b'>H87 2018</subfield></datafield><datafield ind1='1' ind2=' ' tag='100'><subfield code='a'>Santos-Febres, Mayra,</subfield><subfield code='d'>1966-</subfield><subfield code='e'>author.</subfield><subfield code='0'>http://id.loc.gov/authorities/names/n97008809</subfield></datafield><datafield ind1='1' ind2='0' tag='245'><subfield code='a'>Huracanada /</subfield><subfield code='c'>Mayra Santos-Febres.</subfield></datafield><datafield ind1=' ' ind2='1' tag='264'><subfield code='a'>San Juan :</subfield><subfield code='b'>Trabalis,</subfield><subfield code='c'>2018.</subfield></datafield><datafield ind1=' ' ind2=' ' tag='300'><subfield code='a'>82 pages ;</subfield><subfield code='c'>21 cm</subfield></datafield><datafield ind1=' ' ind2=' ' tag='336'><subfield code='a'>text</subfield><subfield code='b'>txt</subfield><subfield code='2'>rdacontent</subfield></datafield><datafield ind1=' ' ind2=' ' tag='337'><subfield code='a'>unmediated</subfield><subfield code='b'>n</subfield><subfield code='2'>rdamedia</subfield></datafield><datafield ind1=' ' ind2=' ' tag='338'><subfield code='a'>volume</subfield><subfield code='b'>nc</subfield><subfield code='2'>rdacarrier</subfield></datafield><datafield ind1=' ' ind2=' ' tag='500'><subfield code='a'>Poems.</subfield></datafield><datafield ind1=' ' ind2='7' tag='655'><subfield code='a'>Poetry.</subfield><subfield code='2'>lcgft</subfield><subfield code='0'>http://id.loc.gov/authorities/genreForms/gf2014026481.</subfield></datafield><datafield ind1=' ' ind2='7' tag='655'><subfield code='a'>Poetry.</subfield><subfield code='2'>fast</subfield><subfield code='0'>(OCoLC)fst01423828.</subfield></datafield><datafield ind1=' ' ind2='7' tag='655'><subfield code='a'>Poetry.</subfield><subfield code='2'>lcgft</subfield><subfield code='0'>http://id.loc.gov/authorities/genreForms/gf2014026481</subfield></datafield><datafield ind1=' ' ind2=' ' tag='902'><subfield code='a'>rb</subfield><subfield code='b'>l</subfield><subfield code='6'>a</subfield><subfield code='7'>m</subfield><subfield code='d'>v</subfield><subfield code='f'>1</subfield><subfield code='e'>20190318</subfield></datafield><datafield ind1=' ' ind2=' ' tag='904'><subfield code='a'>rb</subfield><subfield code='b'>a</subfield><subfield code='h'>m</subfield><subfield code='c'>b</subfield><subfield code='e'>20190318</subfield></datafield><datafield ind1=' ' ind2=' ' tag='914'><subfield code='a'>(OCoLC)on1048951882</subfield><subfield code='b'>OCoLC</subfield><subfield code='c'>match</subfield><subfield code='d'>20240703</subfield><subfield code='e'>processed</subfield><subfield code='f'>1048951882</subfield></datafield><datafield ind1=' ' ind2=' ' tag='AVA'><subfield code='0'>99112222563506421</subfield><subfield code='8'>22559519580006421</subfield><subfield code='a'>01PRI_INST</subfield><subfield code='b'>firestone</subfield><subfield code='c'>Stacks</subfield><subfield code='d'>PQ7440.S26 H87 2018</subfield><subfield code='e'>available</subfield><subfield code='f'>1</subfield><subfield code='g'>0</subfield><subfield code='j'>stacks</subfield><subfield code='k'>0</subfield><subfield code='p'>1</subfield><subfield code='q'>Firestone Library</subfield></datafield></record>