
<record><leader>00000cam a2200469 i 4500</leader><controlfield tag='001'>SCSB-9756116</controlfield><controlfield tag='003'>OCoLC</controlfield><controlfield tag='005'>20200731010426.0</controlfield><controlfield tag='008'>180821s2018    pr            000 p spa ccam i </controlfield><controlfield tag='009'>.b219874700</controlfield><datafield ind1='1' ind2=' ' tag='100'><subfield code='a'>Santos-Febres, Mayra,</subfield><subfield code='d'>1966-</subfield><subfield code='e'>author.</subfield></datafield><datafield ind1=' ' ind2='0' tag='650'><subfield code='a'>Hurricane Maria, 2017</subfield><subfield code='v'>Poetry.</subfield></datafield><datafield ind1=' ' ind2='0' tag='651'><subfield code='a'>Puerto Rico</subfield><subfield code='x'>Social conditions</subfield><subfield code='v'>Poetry.</subfield></datafield><datafield ind1=' ' ind2='7' tag='650'><subfield code='a'>Social conditions.</subfield><subfield code='2'>fast</subfield><subfield code='0'>(OCoLC)fst01919811</subfield></datafield><datafield ind1=' ' ind2='7' tag='651'><subfield code='a'>Puerto Rico.</subfield><subfield code='2'>fast</subfield><subfield code='0'>(OCoLC)fst01205432</subfield></datafield><datafield ind1=' ' ind2='7' tag='647'><subfield code='a'>Hurricane Maria</subfield><subfield code='d'>(2017)</subfield><subfield code='2'>fast</subfield><subfield code='0'>(OCoLC)fst02002745</subfield></datafield><datafield ind1=' ' ind2='7' tag='655'><subfield code='a'>Poetry.</subfield><subfield code='2'>lcgft</subfield></datafield><datafield ind1=' ' ind2='7' tag='655'><subfield code='a'>Poetry.</subfield><subfield code='2'>fast</subfield><subfield code='0'>(OCoLC)fst01423828</subfield></datafield><datafield ind1=' ' ind2=' ' tag='020'><subfield code='a'>9781942989509</subfield></datafield><datafield ind1=' ' ind2=' ' tag='020'><subfield code='a'>1942989504</subfield></datafield><datafield ind1=' ' ind2=' ' tag='010'><subfield code='a'>  2018488786</subfield></datafield><datafield ind1=' ' ind2=' ' tag='500'><subfield code='a'>Poems.</subfield></datafield><datafield ind1=' ' ind2=' ' tag='520'><subfield code='a'>Poetry collection on Hurricane Maria. Mayra Santos-Febres (1966) is internationally recognized as one of the best Puerto Rican writer of her generation. She has published three poetry collections, Anamú y manigua (1991); El orden escapado (1991) y Boat People (2005). In 1994 she won the Letras de Oro (Miami / España) literary competition with her first books of short stories Pez de vidrio. She also published a second book of short stories, El cuerpo correcto, in 1998. Her first novel, Sirena Selena vestida de pena (2000), has been translated into English, Italian and French and was selected as a finalist for the &quot;Premio Rómulo Gallegos de Novela&quot; (2001). She has also published Cualquier miércoles soy tuya (novel, 2002), Nuestra señora de la noche (novela, 2006 - finalist for the Premio Primavera 2006 awarded by Espasa Calpe, Spain), Fe en disfraz (novel, 2009), Sobre piel y papel (novel, 2011), and La amante de Gardel (novel, 2015).</subfield></datafield><datafield ind1=' ' ind2='1' tag='264'><subfield code='a'>San Juan :</subfield><subfield code='b'>Trabalis,</subfield><subfield code='c'>2018.</subfield></datafield><datafield ind1=' ' ind2=' ' tag='300'><subfield code='a'>82 pages ;</subfield><subfield code='c'>21 cm</subfield></datafield><datafield ind1=' ' ind2=' ' tag='336'><subfield code='a'>text</subfield><subfield code='b'>txt</subfield><subfield code='2'>rdacontent</subfield></datafield><datafield ind1=' ' ind2=' ' tag='337'><subfield code='a'>unmediated</subfield><subfield code='b'>n</subfield><subfield code='2'>rdamedia</subfield></datafield><datafield ind1=' ' ind2=' ' tag='338'><subfield code='a'>volume</subfield><subfield code='b'>nc</subfield><subfield code='2'>rdacarrier</subfield></datafield><datafield ind1='1' ind2='0' tag='245'><subfield code='a'>Huracanada /</subfield><subfield code='c'>Mayra Santos-Febres.</subfield></datafield><datafield ind1=' ' ind2=' ' tag='040'><subfield code='a'>PAU</subfield><subfield code='b'>eng</subfield><subfield code='e'>rda</subfield><subfield code='c'>PAU</subfield><subfield code='d'>STF</subfield><subfield code='d'>OCLCF</subfield><subfield code='d'>OCLCO</subfield><subfield code='d'>YUS</subfield><subfield code='d'>COD</subfield><subfield code='d'>DLC</subfield><subfield code='d'>NDD</subfield><subfield code='d'>OCLCO</subfield><subfield code='d'>OCL</subfield><subfield code='d'>NOC</subfield><subfield code='d'>OCL</subfield><subfield code='d'>NYP</subfield></datafield><datafield ind1=' ' ind2=' ' tag='042'><subfield code='a'>pcc</subfield></datafield><datafield ind1=' ' ind2=' ' tag='043'><subfield code='a'>nwpr---</subfield></datafield><datafield ind1=' ' ind2=' ' tag='049'><subfield code='a'>NYPP</subfield></datafield><datafield ind1=' ' ind2='4' tag='050'><subfield code='a'>PQ7440.S26</subfield><subfield code='b'>H87 2018</subfield></datafield><datafield ind1=' ' ind2=' ' tag='901'><subfield code='a'>MARS</subfield></datafield><datafield ind1=' ' ind2='4' tag='908'><subfield code='a'>PQ7440.S26</subfield><subfield code='b'>H87 2018</subfield></datafield><datafield ind1=' ' ind2=' ' tag='901'><subfield code='a'>wly</subfield><subfield code='b'>CATRL</subfield></datafield><datafield ind1=' ' ind2=' ' tag='945'><subfield code='a'>.b219874700</subfield></datafield><datafield ind1=' ' ind2=' ' tag='946'><subfield code='a'>m</subfield></datafield><datafield ind1=' ' ind2='1' tag='949'><subfield code='z'>8528</subfield><subfield code='a'>ReCAP 20-6968</subfield><subfield code='i'>33433129822205</subfield><subfield code='s'>b</subfield><subfield code='l'>rc2ma</subfield><subfield code='t'>055</subfield><subfield code='h'>43</subfield><subfield code='o'>2</subfield><subfield code='v'>CATRL/wly</subfield></datafield><datafield ind1=' ' ind2=' ' tag='910'><subfield code='a'>RL</subfield></datafield><datafield ind1='0' ind2='0' tag='907'><subfield code='a'>.b219874700</subfield></datafield><datafield ind1=' ' ind2=' ' tag='035'><subfield code='a'>(OCoLC)1048951882</subfield></datafield><datafield ind1=' ' ind2=' ' tag='901'><subfield code='a'>8cd51b8e-0519-4d7a-ae88-f2af80a8ac94</subfield><subfield code='b'>25</subfield><subfield code='c'>false</subfield></datafield><datafield ind1='8' ind2=' ' tag='852'><subfield code='h'>ReCAP 20-6968</subfield><subfield code='0'>10399692</subfield><subfield code='b'>scsbnypl</subfield></datafield><datafield ind1=' ' ind2=' ' tag='876'><subfield code='0'>10399692</subfield><subfield code='a'>16127947</subfield><subfield code='j'>Not Available</subfield><subfield code='p'>33433129822205</subfield><subfield code='t'>1</subfield><subfield code='x'>Open</subfield><subfield code='z'>NA</subfield><subfield code='l'>RECAP</subfield></datafield></record>