
<record><leader>01460cam a22003371  4500</leader><controlfield tag='001'>SCSB-2931532</controlfield><controlfield tag='003'>NNC</controlfield><controlfield tag='005'>20220601203352.0</controlfield><controlfield tag='008'>920302s1934    enkcfh        000 0 eng  </controlfield><controlfield tag='009'>1066428</controlfield><datafield ind1=' ' ind2=' ' tag='010'><subfield code='a'>   35003414 </subfield></datafield><datafield ind1=' ' ind2=' ' tag='035'><subfield code='a'>(OCoLC)1105588</subfield></datafield><datafield ind1=' ' ind2=' ' tag='035'><subfield code='a'>(OCoLC)ocm01105588</subfield></datafield><datafield ind1=' ' ind2=' ' tag='035'><subfield code='a'>(CStRLIN)NYCG92-B14616</subfield></datafield><datafield ind1=' ' ind2=' ' tag='035'><subfield code='9'>AFY7857CU</subfield></datafield><datafield ind1=' ' ind2=' ' tag='035'><subfield code='a'>(NNC)1066428</subfield></datafield><datafield ind1=' ' ind2=' ' tag='035'><subfield code='a'>1066428</subfield></datafield><datafield ind1=' ' ind2=' ' tag='040'><subfield code='c'>CSt</subfield><subfield code='d'>CSt</subfield><subfield code='d'>MiU</subfield></datafield><datafield ind1='0' ind2='0' tag='050'><subfield code='a'>CT828.F5.A3 1934</subfield></datafield><datafield ind1='0' ind2=' ' tag='082'><subfield code='a'>920</subfield></datafield><datafield ind1=' ' ind2=' ' tag='090'><subfield code='a'>CT828.F5</subfield><subfield code='b'>A3 1934</subfield></datafield><datafield ind1='1' ind2=' ' tag='100'><subfield code='a'>Fleming, Marjorie,</subfield><subfield code='d'>1803-1811.</subfield><subfield code='0'>http://id.loc.gov/authorities/names/n84133009</subfield></datafield><datafield ind1='1' ind2='4' tag='245'><subfield code='a'>The journals, letters, &amp; verses of Marjory Fleming in collotype facsimile from the original manuscripts in the National library of Scotland /</subfield><subfield code='c'>edited by Arundell Esdaile.</subfield></datafield><datafield ind1=' ' ind2=' ' tag='260'><subfield code='a'>London :</subfield><subfield code='b'>Sidgwick, &amp; Jackson, ltd.,</subfield><subfield code='c'>1934.</subfield></datafield><datafield ind1=' ' ind2=' ' tag='300'><subfield code='a'>xix pages, facsim. (176 pages) 177-182 pages :</subfield><subfield code='b'>frontispiece (portrait), plate ;</subfield><subfield code='c'>26 cm</subfield></datafield><datafield ind1=' ' ind2=' ' tag='336'><subfield code='a'>text</subfield><subfield code='2'>rdacontent</subfield></datafield><datafield ind1=' ' ind2=' ' tag='337'><subfield code='a'>unmediated</subfield><subfield code='2'>rdamedia</subfield></datafield><datafield ind1=' ' ind2=' ' tag='338'><subfield code='a'>volume</subfield><subfield code='2'>rdacarrier</subfield></datafield><datafield ind1=' ' ind2=' ' tag='500'><subfield code='a'>The facsimile includes four half-titles. Letter II (not in facsimile) is reprinted from L. Macbean&apos;s Pet Marjorie, the original having been lost.</subfield></datafield><datafield ind1=' ' ind2=' ' tag='500'><subfield code='a'>&quot;Of this book 550 copies have been printed, of which 525 are for sale.&quot;</subfield></datafield><datafield ind1='1' ind2=' ' tag='700'><subfield code='a'>Esdaile, Arundell James Kennedy,</subfield><subfield code='d'>1880-1956,</subfield><subfield code='e'>editor.</subfield><subfield code='4'>http://id.loc.gov/vocabulary/relators/edt</subfield><subfield code='0'>http://id.loc.gov/authorities/names/n50057235</subfield></datafield><datafield ind1='0' ind2='0' tag='852'><subfield code='h'>CT828.F5 A3 1934</subfield><subfield code='0'>2909801</subfield><subfield code='b'>scsbcul</subfield></datafield><datafield ind1=' ' ind2=' ' tag='876'><subfield code='0'>2909801</subfield><subfield code='a'>4553390</subfield><subfield code='h'> </subfield><subfield code='j'>Available</subfield><subfield code='p'>CU60648163</subfield><subfield code='t'>1</subfield><subfield code='x'>Shared</subfield><subfield code='z'>CU</subfield><subfield code='l'>RECAP</subfield></datafield></record>