
<record><leader>02168cam a2200493 i 4500</leader><controlfield tag='001'>SCSB-8415722</controlfield><controlfield tag='003'>NNC</controlfield><controlfield tag='005'>20230126102000.0</controlfield><controlfield tag='008'>160921t20172017ilua     b    001 j eng c</controlfield><controlfield tag='009'>12768184</controlfield><datafield ind1=' ' ind2=' ' tag='010'><subfield code='a'>  2016043309</subfield></datafield><datafield ind1=' ' ind2=' ' tag='020'><subfield code='a'>9780226462790</subfield><subfield code='q'>(pbk. ;</subfield><subfield code='q'>alk. paper)</subfield></datafield><datafield ind1=' ' ind2=' ' tag='020'><subfield code='a'>022646279X</subfield><subfield code='q'>(pbk. ;</subfield><subfield code='q'>alk. paper)</subfield></datafield><datafield ind1=' ' ind2=' ' tag='020'><subfield code='z'>9780226462820</subfield><subfield code='q'>(e-book)</subfield></datafield><datafield ind1=' ' ind2=' ' tag='024'><subfield code='a'>99972778311</subfield></datafield><datafield ind1=' ' ind2=' ' tag='035'><subfield code='a'>(OCoLC)ocn958781741</subfield></datafield><datafield ind1=' ' ind2=' ' tag='035'><subfield code='a'>(OCoLC)958781741</subfield></datafield><datafield ind1=' ' ind2=' ' tag='035'><subfield code='a'>(NNC)12768184</subfield></datafield><datafield ind1=' ' ind2=' ' tag='035'><subfield code='a'>12768184</subfield></datafield><datafield ind1=' ' ind2=' ' tag='040'><subfield code='a'>PUL</subfield><subfield code='b'>eng</subfield><subfield code='e'>rda</subfield><subfield code='c'>PUL</subfield><subfield code='d'>DLC</subfield><subfield code='d'>YDX</subfield><subfield code='d'>OCLCF</subfield><subfield code='d'>CGU</subfield></datafield><datafield ind1='1' ind2=' ' tag='041'><subfield code='a'>eng</subfield><subfield code='h'>ita</subfield></datafield><datafield ind1=' ' ind2=' ' tag='042'><subfield code='a'>pcc</subfield></datafield><datafield ind1=' ' ind2=' ' tag='043'><subfield code='a'>e-it---</subfield></datafield><datafield ind1='0' ind2='0' tag='050'><subfield code='a'>GR177.S5</subfield><subfield code='b'>P42413 2017</subfield></datafield><datafield ind1='0' ind2='0' tag='082'><subfield code='a'>398.209458</subfield><subfield code='2'>23</subfield></datafield><datafield ind1='1' ind2=' ' tag='100'><subfield code='a'>Pitrè, Giuseppe,</subfield><subfield code='d'>1841-1916,</subfield><subfield code='e'>author.</subfield><subfield code='4'>http://id.loc.gov/vocabulary/relators/aut</subfield><subfield code='0'>http://id.loc.gov/authorities/names/n80093341</subfield></datafield><datafield ind1='1' ind2='0' tag='240'><subfield code='a'>Works.</subfield><subfield code='k'>Selections.</subfield><subfield code='l'>English.</subfield><subfield code='f'>2017</subfield><subfield code='0'>http://id.loc.gov/authorities/names/no2016126617</subfield></datafield><datafield ind1='1' ind2='0' tag='245'><subfield code='a'>Catarina the Wise and other wondrous Sicilian folk &amp; fairy tales /</subfield><subfield code='c'>by Giuseppe Pitrè ; translated and edited by Jack Zipes ; illustrated by Adeetje Bouma.</subfield></datafield><datafield ind1=' ' ind2='1' tag='264'><subfield code='a'>Chicago ;</subfield><subfield code='a'>London :</subfield><subfield code='b'>The University of Chicago Press,</subfield><subfield code='c'>2017.</subfield></datafield><datafield ind1=' ' ind2='4' tag='264'><subfield code='c'>©2017</subfield></datafield><datafield ind1=' ' ind2=' ' tag='300'><subfield code='a'>xii, 282 pages :</subfield><subfield code='b'>illustrations ;</subfield><subfield code='c'>24 cm</subfield></datafield><datafield ind1=' ' ind2=' ' tag='336'><subfield code='a'>text</subfield><subfield code='b'>txt</subfield><subfield code='2'>rdacontent</subfield></datafield><datafield ind1=' ' ind2=' ' tag='337'><subfield code='a'>unmediated</subfield><subfield code='b'>n</subfield><subfield code='2'>rdamedia</subfield></datafield><datafield ind1=' ' ind2=' ' tag='338'><subfield code='a'>volume</subfield><subfield code='b'>nc</subfield><subfield code='2'>rdacarrier</subfield></datafield><datafield ind1=' ' ind2=' ' tag='504'><subfield code='a'>Includes bibliographical references (pages 259-280) and index.</subfield></datafield><datafield ind1=' ' ind2=' ' tag='546'><subfield code='a'>Translated from the Sicilian.</subfield></datafield><datafield ind1=' ' ind2='0' tag='650'><subfield code='a'>Tales</subfield><subfield code='z'>Italy</subfield><subfield code='z'>Sicily.</subfield></datafield><datafield ind1=' ' ind2='0' tag='650'><subfield code='a'>Folklore</subfield><subfield code='z'>Italy</subfield><subfield code='z'>Sicily.</subfield><subfield code='0'>http://id.loc.gov/authorities/subjects/sh2008120899</subfield></datafield><datafield ind1=' ' ind2='7' tag='650'><subfield code='a'>Folklore.</subfield><subfield code='2'>fast</subfield><subfield code='0'>(OCoLC)fst00930306</subfield></datafield><datafield ind1=' ' ind2='7' tag='650'><subfield code='a'>Tales.</subfield><subfield code='2'>fast</subfield><subfield code='0'>(OCoLC)fst01142246</subfield></datafield><datafield ind1=' ' ind2='7' tag='651'><subfield code='a'>Italy</subfield><subfield code='z'>Sicily.</subfield><subfield code='2'>fast</subfield><subfield code='0'>(OCoLC)fst01204499</subfield></datafield><datafield ind1='1' ind2=' ' tag='700'><subfield code='a'>Zipes, Jack,</subfield><subfield code='d'>1937-</subfield><subfield code='e'>translator,</subfield><subfield code='e'>editor.</subfield><subfield code='4'>http://id.loc.gov/vocabulary/relators/trl</subfield><subfield code='4'>http://id.loc.gov/vocabulary/relators/edt</subfield><subfield code='0'>http://id.loc.gov/authorities/names/n80017606</subfield></datafield><datafield ind1='1' ind2=' ' tag='700'><subfield code='a'>Bouma, Adeetje,</subfield><subfield code='e'>illustrator.</subfield><subfield code='4'>http://id.loc.gov/vocabulary/relators/ill</subfield><subfield code='0'>http://id.loc.gov/authorities/names/no2016125780</subfield></datafield><datafield ind1='0' ind2='0' tag='852'><subfield code='h'>GR177.S5 P42413 2017</subfield><subfield code='0'>8570950</subfield><subfield code='b'>scsbcul</subfield></datafield><datafield ind1=' ' ind2=' ' tag='876'><subfield code='0'>8570950</subfield><subfield code='a'>13963414</subfield><subfield code='h'> </subfield><subfield code='j'>Available</subfield><subfield code='p'>CU25620363</subfield><subfield code='t'>1</subfield><subfield code='x'>Shared</subfield><subfield code='z'>CU</subfield><subfield code='l'>RECAP</subfield></datafield></record>