
<record><leader>00844nam a2200229u  4500</leader><controlfield tag='001'>SCSB-7739030</controlfield><controlfield tag='003'>OCoLC</controlfield><controlfield tag='005'>20000629184215.0</controlfield><controlfield tag='008'>861105s1901    hu            000 0 ger d</controlfield><controlfield tag='009'>.b126270582</controlfield><datafield ind1=' ' ind2=' ' tag='040'><subfield code='a'>FDA</subfield><subfield code='c'>FDA</subfield><subfield code='d'>NYP</subfield><subfield code='d'>WaOLN</subfield></datafield><datafield ind1=' ' ind2=' ' tag='049'><subfield code='a'>NYPG</subfield></datafield><datafield ind1='1' ind2=' ' tag='100'><subfield code='a'>Stern, Bernhard,</subfield><subfield code='d'>1867-1927.</subfield></datafield><datafield ind1='1' ind2='0' tag='245'><subfield code='a'>Abdul Hamid II [i.e. zweite]</subfield><subfield code='b'>seine Familie und seine Hofstaat. Nach eigenen Ermittelungen.</subfield></datafield><datafield ind1=' ' ind2=' ' tag='260'><subfield code='a'>Budapest,</subfield><subfield code='b'>Deutsch,</subfield><subfield code='c'>1901.</subfield></datafield><datafield ind1=' ' ind2=' ' tag='300'><subfield code='a'>234 p.</subfield></datafield><datafield ind1=' ' ind2='0' tag='651'><subfield code='a'>Turkey</subfield><subfield code='x'>History</subfield><subfield code='y'>1878-1909.</subfield></datafield><datafield ind1=' ' ind2=' ' tag='907'><subfield code='a'>.b126270582</subfield><subfield code='c'>m</subfield><subfield code='d'>a</subfield><subfield code='e'>-</subfield><subfield code='f'>ger</subfield><subfield code='g'>hu</subfield><subfield code='h'>0</subfield><subfield code='i'>1</subfield></datafield><datafield ind1=' ' ind2=' ' tag='035'><subfield code='a'>(OCoLC)14636637</subfield></datafield><datafield ind1='8' ind2=' ' tag='852'><subfield code='h'>GIB (Stern, B. Abdul Hamid II)</subfield><subfield code='0'>7874528</subfield><subfield code='b'>scsbnypl</subfield></datafield><datafield ind1=' ' ind2=' ' tag='876'><subfield code='0'>7874528</subfield><subfield code='a'>12926900</subfield><subfield code='h'>In Library Use</subfield><subfield code='j'>Available</subfield><subfield code='p'>33433082535737</subfield><subfield code='t'>1</subfield><subfield code='x'>Shared</subfield><subfield code='z'>NA</subfield><subfield code='l'>RECAP</subfield></datafield></record>