
<record><leader>00566nam a2200181u  4500</leader><controlfield tag='001'>SCSB-11644245</controlfield><controlfield tag='005'>20020606104010.5</controlfield><controlfield tag='008'>940620s1901    hu            000 0 ger d</controlfield><controlfield tag='009'>990079479610203941</controlfield><datafield ind1=' ' ind2=' ' tag='035'><subfield code='a'>(OCoLC)30633278</subfield></datafield><datafield ind1=' ' ind2=' ' tag='040'><subfield code='a'>CUY</subfield><subfield code='c'>CUY</subfield><subfield code='d'>HLS</subfield></datafield><datafield ind1='1' ind2=' ' tag='100'><subfield code='a'>Stern, Bernhard,</subfield><subfield code='d'>1867-1927.</subfield></datafield><datafield ind1='0' ind2='0' tag='245'><subfield code='a'>Abdul Hamid II,</subfield><subfield code='b'>seine Familie und seine Hofstaat, nach eigenen Ermittelungen.</subfield></datafield><datafield ind1=' ' ind2=' ' tag='260'><subfield code='a'>Budapest,</subfield><subfield code='b'>S. Deutsch,</subfield><subfield code='c'>1901.</subfield></datafield><datafield ind1=' ' ind2=' ' tag='300'><subfield code='a'>viii, 234 p.</subfield></datafield><datafield ind1='0' ind2='0' tag='600'><subfield code='a'>Abdülhamid</subfield><subfield code='b'>II,</subfield><subfield code='c'>Sultan of the Turks,</subfield><subfield code='d'>1842-1918</subfield></datafield><datafield ind1=' ' ind2='0' tag='651'><subfield code='a'>Turkey</subfield><subfield code='x'>Court and courtiers.</subfield></datafield><datafield ind1='1' ind2=' ' tag='583'><subfield code='a'>committed to retain</subfield><subfield code='c'>20181001</subfield><subfield code='d'>in perpetuity</subfield><subfield code='f'>ReCAP Shared Collection</subfield><subfield code='5'>HUL</subfield><subfield code='8'>222036930240003941</subfield></datafield><datafield ind1='1' ind2=' ' tag='583'><subfield code='a'>committed to retain</subfield><subfield code='c'>20170930</subfield><subfield code='d'>20421231</subfield><subfield code='f'>HathiTrust</subfield><subfield code='5'>HUL</subfield><subfield code='8'>222036930240003941</subfield></datafield><datafield ind1='7' ind2=' ' tag='852'><subfield code='2'>ZHCL</subfield><subfield code='c'>HD</subfield><subfield code='h'>Ott 540.13</subfield><subfield code='0'>12459162</subfield><subfield code='b'>scsbhl</subfield></datafield><datafield ind1=' ' ind2=' ' tag='876'><subfield code='0'>12459162</subfield><subfield code='a'>18236932</subfield><subfield code='h'> </subfield><subfield code='j'>Available</subfield><subfield code='k'>WID</subfield><subfield code='p'>32044108698929</subfield><subfield code='x'>Shared</subfield><subfield code='z'>HW</subfield><subfield code='l'>HD</subfield></datafield></record>