
<record><leader>00871nam a2200241ui 4500</leader><controlfield tag='001'>SCSB-7978367</controlfield><controlfield tag='003'>OCoLC</controlfield><controlfield tag='005'>20000629184213.0</controlfield><controlfield tag='008'>900227s1901    fr            000 0 fre d</controlfield><controlfield tag='009'>.b126263401</controlfield><datafield ind1=' ' ind2=' ' tag='040'><subfield code='a'>KEI</subfield><subfield code='c'>SER</subfield><subfield code='d'>NYP</subfield><subfield code='d'>WaOLN</subfield></datafield><datafield ind1=' ' ind2=' ' tag='049'><subfield code='a'>NYPG</subfield></datafield><datafield ind1='1' ind2=' ' tag='100'><subfield code='a'>Dorys, Georges.</subfield></datafield><datafield ind1='0' ind2='0' tag='245'><subfield code='a'>Abdul-Hamid intime /</subfield><subfield code='c'>par Georges Dorys ; préface de Pierre Quillard.</subfield></datafield><datafield ind1=' ' ind2=' ' tag='260'><subfield code='a'>Paris :</subfield><subfield code='b'>P.V. Stock,</subfield><subfield code='c'>1901.</subfield></datafield><datafield ind1=' ' ind2=' ' tag='300'><subfield code='a'>274 p.</subfield></datafield><datafield ind1=' ' ind2=' ' tag='500'><subfield code='a'>Illustrated.</subfield></datafield><datafield ind1='0' ind2='0' tag='600'><subfield code='a'>Abdülhamid</subfield><subfield code='b'>II,</subfield><subfield code='c'>Sultan of the Turks,</subfield><subfield code='d'>1842-1918.</subfield></datafield><datafield ind1=' ' ind2=' ' tag='907'><subfield code='a'>.b126263401</subfield><subfield code='c'>m</subfield><subfield code='d'>a</subfield><subfield code='e'>-</subfield><subfield code='f'>fre</subfield><subfield code='g'>fr</subfield><subfield code='h'>0</subfield><subfield code='i'>1</subfield></datafield><datafield ind1=' ' ind2=' ' tag='035'><subfield code='a'>(OCoLC)21126336</subfield></datafield><datafield ind1='8' ind2=' ' tag='852'><subfield code='h'>GIB (Dorys, G. Abdul-Hamid intime)</subfield><subfield code='0'>8120839</subfield><subfield code='b'>scsbnypl</subfield></datafield><datafield ind1=' ' ind2=' ' tag='876'><subfield code='0'>8120839</subfield><subfield code='a'>13358648</subfield><subfield code='h'>In Library Use</subfield><subfield code='j'>Available</subfield><subfield code='p'>33433066622188</subfield><subfield code='t'>1</subfield><subfield code='x'>Shared</subfield><subfield code='z'>NA</subfield><subfield code='l'>RECAP</subfield></datafield></record>