
<record><leader>00557nam a2200181u  4500</leader><controlfield tag='001'>SCSB-12887952</controlfield><controlfield tag='005'>20020606095253.2</controlfield><controlfield tag='008'>950126s1901    fr            000 0 fre d</controlfield><controlfield tag='009'>990052286910203941</controlfield><datafield ind1=' ' ind2=' ' tag='035'><subfield code='a'>(OCoLC)237185332</subfield><subfield code='z'>(OCoLC)559423509</subfield><subfield code='z'>(OCoLC)1061611450</subfield></datafield><datafield ind1=' ' ind2=' ' tag='040'><subfield code='a'>HLS</subfield><subfield code='c'>HLS</subfield></datafield><datafield ind1='0' ind2='0' tag='050'><subfield code='a'>DR571.5</subfield><subfield code='b'>.D68</subfield></datafield><datafield ind1='1' ind2=' ' tag='100'><subfield code='a'>Dorys, Georges,</subfield><subfield code='c'>pseud.</subfield></datafield><datafield ind1='1' ind2='0' tag='245'><subfield code='a'>Abdul-Hamid intime.</subfield><subfield code='c'>Préface de Pierre Quillard.</subfield></datafield><datafield ind1=' ' ind2=' ' tag='250'><subfield code='a'>5e éd.</subfield></datafield><datafield ind1=' ' ind2=' ' tag='260'><subfield code='a'>Paris,</subfield><subfield code='b'>P.V. Stock,</subfield><subfield code='c'>1901.</subfield></datafield><datafield ind1=' ' ind2=' ' tag='300'><subfield code='a'>pp. xviii, 274+.</subfield><subfield code='b'>Ports. and plates.</subfield></datafield><datafield ind1=' ' ind2=' ' tag='340'><subfield code='m'>8vo.</subfield><subfield code='2'>rdabf</subfield></datafield><datafield ind1='0' ind2='0' tag='600'><subfield code='a'>Abdülhamid</subfield><subfield code='b'>II,</subfield><subfield code='c'>Sultan of the Turks,</subfield><subfield code='d'>1842-1918</subfield></datafield><datafield ind1='0' ind2='8' tag='776'><subfield code='i'>Online version:</subfield><subfield code='a'>Dorys, Georges, pseud.</subfield><subfield code='t'>Abdul-Hamid intime.</subfield><subfield code='b'>5e éd.</subfield><subfield code='d'>Paris, P.V. Stock, 1901</subfield><subfield code='w'>(OCoLC)903790659</subfield></datafield><datafield ind1='1' ind2=' ' tag='583'><subfield code='a'>committed to retain</subfield><subfield code='c'>20181001</subfield><subfield code='d'>in perpetuity</subfield><subfield code='f'>ReCAP Shared Collection</subfield><subfield code='5'>HUL</subfield><subfield code='8'>221941314660003941</subfield></datafield><datafield ind1='7' ind2=' ' tag='852'><subfield code='2'>ZHCL</subfield><subfield code='c'>HD</subfield><subfield code='h'>Ott 540.4.2</subfield><subfield code='0'>13739159</subfield><subfield code='b'>scsbhl</subfield></datafield><datafield ind1=' ' ind2=' ' tag='876'><subfield code='0'>13739159</subfield><subfield code='a'>19568046</subfield><subfield code='h'> </subfield><subfield code='j'>Available</subfield><subfield code='k'>WID</subfield><subfield code='p'>32044108699356</subfield><subfield code='x'>Shared</subfield><subfield code='z'>HW</subfield><subfield code='l'>HD</subfield></datafield></record>