
<record><leader>00000cam a2200409 i 4500</leader><controlfield tag='001'>SCSB-15067460</controlfield><controlfield tag='003'>Fr-PaAMA</controlfield><controlfield tag='005'>20250407074836.0</controlfield><controlfield tag='008'>240921s2024    fr abdh  bd   000 0dfre dcam i </controlfield><controlfield tag='009'>.b235895866</controlfield><datafield ind1='1' ind2=' ' tag='700'><subfield code='a'>Couteau, Pauline,</subfield><subfield code='e'>editor.</subfield></datafield><datafield ind1='1' ind2=' ' tag='700'><subfield code='a'>Eprendre, Nicolas,</subfield><subfield code='e'>editor.</subfield></datafield><datafield ind1='1' ind2=' ' tag='700'><subfield code='a'>Ferretti, Federico,</subfield><subfield code='e'>editor.</subfield></datafield><datafield ind1='1' ind2=' ' tag='700'><subfield code='a'>Pelletier, Philippe,</subfield><subfield code='d'>1956-</subfield><subfield code='e'>editor.</subfield></datafield><datafield ind1='1' ind2='0' tag='600'><subfield code='a'>Reclus, Elisée,</subfield><subfield code='d'>1830-1905</subfield><subfield code='v'>Dictionaries</subfield><subfield code='x'>French.</subfield></datafield><datafield ind1=' ' ind2=' ' tag='020'><subfield code='a'>9782378965143</subfield><subfield code='q'>(paperback)</subfield><subfield code='c'>30,00 EUR</subfield></datafield><datafield ind1=' ' ind2=' ' tag='504'><subfield code='a'>Includes bibliographical references (pages 501-507).</subfield></datafield><datafield ind1='0' ind2='0' tag='505'><subfield code='t'>Avant-propos --</subfield><subfield code='t'>Introduction &quot;les raisons et les déraisons d&apos;un --</subfield><subfield code='t'>Abécédaire reclus&quot; --</subfield><subfield code='t'>101 dates --</subfield><subfield code='t'>Algérie, Jeanne Vigouroux --</subfield><subfield code='t'>Amitié, Daniel Hiernaux-Nicolas --</subfield><subfield code='t'>Animaux, Roméo Bondon --</subfield><subfield code='t'>Anthropocène, Philippe Pelletier --</subfield><subfield code='t'>Anthropologie, Philippe Pelletier --</subfield><subfield code='t'>Bakounine Michel, Jean Philippe Crabe --</subfield><subfield code='t'>Brésil, Federico Ferretti --</subfield><subfield code='t'>Bretagne, Yannick Lageat --</subfield><subfield code='t'>Camus Albert, Philippe Pelletier --</subfield><subfield code='t'>Carte, Federico Ferretti --</subfield><subfield code='t'>Chili, Diego Mellado Gomez --</subfield><subfield code='t'>Chine, Philippe Pelletier --</subfield><subfield code='t'>Climat, Philippe Malburet --</subfield><subfield code='t'>Colonialisme, Patrick Minder --</subfield><subfield code='t'>Communalisme, Domenico Liguori --</subfield><subfield code='t'>Corps, Isabelle Louviot --</subfield><subfield code='t'>Cosmopolitisme, Vincent Capdepuy --</subfield><subfield code='t'>Cosmos, Pascale Siegrist --</subfield><subfield code='t'>Darwinisme, Thierry Lodé --</subfield><subfield code='t'>Décolonialité, Federico Ferretti --</subfield><subfield code='t'>Écriture, Isabelle Lefort --</subfield><subfield code='t'>Édition, Christophe Brun --</subfield><subfield code='t'>Empire, Federico Ferretti --</subfield><subfield code='t'>Entraide, Selva Varengo --</subfield><subfield code='t'>Esclavage, Élisée Reclus, extrait de &quot;Fragment d&apos;un voyage à la Nouvelle-Orléans&quot;, présentation Nicolas Eprendre --</subfield><subfield code='t'>Espagne, Jacobo Garcia Alvarez --</subfield><subfield code='t'>État, Fabrizio Eva --</subfield><subfield code='t'>Évolution, Thierry Lodé --</subfield><subfield code='t'>Évolutionnisme, Alvaro Giron --</subfield><subfield code='t'>Famille, Philippe Pelletier --</subfield><subfield code='t'>Fédéralisme, Gaetano Manfredonia --</subfield><subfield code='t'>Féminisme, Marcella Schmidt di Friedberg --</subfield><subfield code='t'>Frontière, Nicolas Eprendre et Philippe Pelletier --</subfield><subfield code='t'>Généalogie, Christophe Brun --</subfield><subfield code='t'>Géologie, Nadine Gomez-Passamar --</subfield><subfield code='t'>Géopoétique, Alexandre Chollier --</subfield><subfield code='t'>Géopolitique, Philippe Pelletier --</subfield><subfield code='t'>Globe, Elisée Reclus --</subfield><subfield code='t'>Guillaume James, Jean-Charles Bottier --</subfield><subfield code='t'>Guyanes, Carlo Romani --</subfield><subfield code='t'>Hachette, Federico Ferretti --</subfield><subfield code='t'>Japon, Philippe Pelletier --</subfield><subfield code='t'>Kropotkine, Pierre, Renaud Garcia --</subfield><subfield code='t'>Kupka, François, Marie-Pierre Salé --</subfield><subfield code='t'>Landes (de Gascogne), Jean-Yves Puvo --</subfield><subfield code='t'>Lieux, Christophe Brun --</subfield><subfield code='t'>Louisiane, Kent Mathewson --</subfield><subfield code='t'>Maison, José-Luis Oyon --</subfield><subfield code='t'>Malthusianisme, Philippe Pelletier --</subfield><subfield code='t'>Marche, Nicolas Eprendre --</subfield><subfield code='t'>Mariage, Nicolas Eprendre et Philippe Pelletier --</subfield><subfield code='t'>Marsh George Perkins, Nicolas Eprendre et Philippe Pelletier --</subfield><subfield code='t'>Mésologie, Philippe Pelletier --</subfield><subfield code='t'>Metchnikoff Léon, Konishi Sho --</subfield><subfield code='t'>Migration, Olivier Clochard --</subfield><subfield code='t'>Milieu, Pauline Couteau --</subfield><subfield code='t'>Militant, Raphaël Romnée --</subfield><subfield code='t'>Montagne, Bernard Debarbieux --</subfield><subfield code='t'>Nature, Pascale Siegrist --</subfield><subfield code='t'>Nudité, Guilhem Labinal --</subfield><subfield code='t'>Océan (histoire d&apos;), Louis Marrou --</subfield><subfield code='t'>Oppression, Pauline Couteau --</subfield><subfield code='t'>Organisation, Federico Ferretti --</subfield><subfield code='t'>Outlook Tower, Pierre Chabard --</subfield><subfield code='t'>Parlementarisme, René Berthier --</subfield><subfield code='t'>Paysage, Nicolas Eprendre et Philippe Pelletier --</subfield><subfield code='t'>Pédagogie, Patrick Minder --</subfield><subfield code='t'>Peinture, Nicolas Eprendre --</subfield><subfield code='t'>Peuple, Federico Ferretti --</subfield><subfield code='t'>Pouvoir, Renaud Garcia --</subfield><subfield code='t'>Primitif, Charles Macdonald --</subfield><subfield code='t'>Prisons, Véronique Fau-Vincenti --</subfield><subfield code='t'>Progrès, Pauline Couteau --</subfield><subfield code='t'>Proudhon Pierre-Joseph, Hervé Trinquier --</subfield><subfield code='t'>Pyrénées, Jean-Yves Puvo --</subfield><subfield code='t'>Race, Philippe Pelletier --</subfield><subfield code='t'>Récit, Pascal Clerc --</subfield><subfield code='t'>République, Gaetano Manfredonia --</subfield><subfield code='t'>Ruisseau, Marcella Schmidt Di Friedberc --</subfield><subfield code='t'>Russie, David Teurtrie --</subfield><subfield code='t'>Saint-Simonisme, Patrick Albert --</subfield><subfield code='t'>Science, Patrick Albert --</subfield><subfield code='t'>Sensible, Franck David --</subfield><subfield code='t'>Sol, Nicolas Eprendre et Philippe Pelletier --</subfield><subfield code='t'>Spinoza, Pauline Couteau et Nicolas Eprendre --</subfield><subfield code='t'>Suisse, Federico Ferretti --</subfield><subfield code='t'>Toponymie, Élisée Reclus, extrait de La Terre. Description des phénomènes de la vie du globe. Présentation, Nicolas Eprendre et Philippe Pelletier --</subfield><subfield code='t'>Tourisme, Isabelle Lefort --</subfield><subfield code='t'>Traduction, Guilherme Ribeiro --</subfield><subfield code='t'>Transnationalisme, Guilherme Ribeiro --</subfield><subfield code='t'>Ukraine, Philippe Pelletier --</subfield><subfield code='t'>Université Nouvelle, Annick Stevens --</subfield><subfield code='t'>Véganisme, Richard White --</subfield><subfield code='t'>Végétal, Élie Reclus, extraits de Physionomies végétales, &quot;Confessions d&apos;un pin maritime&quot;. Présentation, Nicolas Eprendre --</subfield><subfield code='t'>Violence, Anne Steiner --</subfield><subfield code='t'>Vote, René Berthier --</subfield><subfield code='t'>Voyage, Christophe Brun --</subfield><subfield code='t'>Walden, Nicolas Eprendre --</subfield><subfield code='t'>Zen, Fugai Ekun.</subfield></datafield><datafield ind1=' ' ind2=' ' tag='520'><subfield code='a'>&quot;L&apos;œuvre d&apos;Élisée Reclus (1830-1905) forme un arbre au sein d&apos;une forêt de thèmes et de projets émancipateurs qui nous paraissent encore pertinents. Ses deux branches maîtresses souvent dissociées méritent d&apos;être réunies sur fond d&apos;actualisation. La branche géographique a longtemps pâti d&apos;un découpage en prés carrés intellectuels que Reclus s&apos;efforçait pourtant de dépasser. Or la transdisciplinarité s&apos;avère toujours nécessaire car elle permet de rompre avec les pouvoirs institutionnels. La branche anarchiste, qui a régulièrement porté ses fruits, véhicule aussi certaines approximations qui, souvent venues de l&apos;extérieur, l&apos;enrégimentent dans l&apos;écologie ou se trompent sur sa critique du colonialisme, alors que Reclus se situe dans la mésologie et la géographie sociale. Le mode de l&apos;abécédaire permet de mobiliser des plumes critiques refusant le conformisme comme l&apos;hagiographie. Les 101 feuilles thématiques de cet arbre reclusien font le point sur des sujets d&apos;actualité, comme la science, le milieu, le genre, la violence, le peuple, la révolution... et offrent des perspectives inattendues, Saint-Simon, Spinoza, cosmos... promesses de découvertes futures.&quot;--Page 4 of cover.</subfield></datafield><datafield ind1=' ' ind2='1' tag='264'><subfield code='a'>[Dijon] :</subfield><subfield code='b'>Les Presses du réel,</subfield><subfield code='c'>[2024]</subfield></datafield><datafield ind1=' ' ind2=' ' tag='300'><subfield code='a'>507 pages :</subfield><subfield code='b'>illustrations, maps, chart, facsimiles ;</subfield><subfield code='c'>24 cm.</subfield></datafield><datafield ind1=' ' ind2=' ' tag='336'><subfield code='a'>text</subfield><subfield code='b'>txt</subfield><subfield code='2'>rdacontent</subfield></datafield><datafield ind1=' ' ind2=' ' tag='337'><subfield code='a'>unmediated</subfield><subfield code='b'>n</subfield><subfield code='2'>rdamedia</subfield></datafield><datafield ind1=' ' ind2=' ' tag='338'><subfield code='a'>volume</subfield><subfield code='b'>nc</subfield><subfield code='2'>rdacarrier</subfield></datafield><datafield ind1='1' ind2=' ' tag='490'><subfield code='a'>Collection &quot;L&apos;écart absolu&quot;</subfield></datafield><datafield ind1=' ' ind2='0' tag='830'><subfield code='a'>Ecart absolu.</subfield></datafield><datafield ind1='0' ind2='0' tag='245'><subfield code='a'>Élisée Reclus :</subfield><subfield code='b'>les 101 mots /</subfield><subfield code='c'>ouvrage coordonné par Pauline Couteau, Nicolas Eprendre, Federico Ferretti, Philippe Pelletier.</subfield></datafield><datafield ind1=' ' ind2=' ' tag='040'><subfield code='a'>Fr-PaAMA</subfield><subfield code='b'>eng</subfield><subfield code='e'>rda</subfield></datafield><datafield ind1=' ' ind2='4' tag='050'><subfield code='a'>G69.R32</subfield><subfield code='b'>E43 2024</subfield></datafield><datafield ind1=' ' ind2='4' tag='908'><subfield code='a'>G69.R32</subfield><subfield code='b'>E43 2024</subfield></datafield><datafield ind1='1' ind2='4' tag='082'><subfield code='a'>910</subfield><subfield code='a'>335</subfield></datafield><datafield ind1=' ' ind2=' ' tag='901'><subfield code='a'>AUXAM</subfield></datafield><datafield ind1=' ' ind2=' ' tag='910'><subfield code='a'>RL</subfield></datafield><datafield ind1=' ' ind2=' ' tag='960'><subfield code='s'>3924</subfield><subfield code='u'>41901apprv</subfield><subfield code='t'>MAL</subfield><subfield code='c'>1</subfield><subfield code='i'>a</subfield><subfield code='m'>1</subfield></datafield><datafield ind1='0' ind2='0' tag='907'><subfield code='a'>.b235895866</subfield></datafield><datafield ind1=' ' ind2=' ' tag='035'><subfield code='a'>(OCoLC)1464070279</subfield></datafield><datafield ind1=' ' ind2=' ' tag='901'><subfield code='a'>94251ea4-394a-43f2-beaf-ad60bb87951e</subfield><subfield code='b'>17</subfield><subfield code='c'>false</subfield></datafield><datafield ind1='8' ind2=' ' tag='852'><subfield code='h'>ReCAP 25-109925</subfield><subfield code='0'>16152543</subfield><subfield code='b'>scsbnypl</subfield></datafield><datafield ind1=' ' ind2=' ' tag='876'><subfield code='0'>16152543</subfield><subfield code='a'>22856310</subfield><subfield code='j'>Available</subfield><subfield code='p'>33433138953835</subfield><subfield code='t'>1</subfield><subfield code='x'>Shared</subfield><subfield code='z'>NA</subfield><subfield code='l'>RECAP</subfield></datafield></record>