
<record><leader>08435cam a2200733 i 4500</leader><controlfield tag='001'>SCSB-15251432</controlfield><controlfield tag='005'>20250621165449.4</controlfield><controlfield tag='008'>240919s2024    nyuab    bc   000 0 eng c</controlfield><controlfield tag='009'>19171748</controlfield><datafield ind1=' ' ind2=' ' tag='010'><subfield code='a'>  2024941772</subfield></datafield><datafield ind1=' ' ind2=' ' tag='020'><subfield code='a'>9780847838790</subfield><subfield code='q'>(hardcover)</subfield></datafield><datafield ind1=' ' ind2=' ' tag='020'><subfield code='a'>084783879X</subfield><subfield code='q'>(hardcover)</subfield></datafield><datafield ind1=' ' ind2=' ' tag='035'><subfield code='a'>(OCoLC)1458304223</subfield></datafield><datafield ind1=' ' ind2=' ' tag='035'><subfield code='a'>(NNC)19171748</subfield></datafield><datafield ind1=' ' ind2=' ' tag='035'><subfield code='a'>19171748</subfield></datafield><datafield ind1=' ' ind2=' ' tag='040'><subfield code='a'>TOH</subfield><subfield code='b'>eng</subfield><subfield code='e'>rda</subfield><subfield code='c'>TOH</subfield><subfield code='d'>TXM</subfield><subfield code='d'>OCLCO</subfield><subfield code='d'>CUY</subfield></datafield><datafield ind1=' ' ind2=' ' tag='042'><subfield code='a'>pcc</subfield></datafield><datafield ind1=' ' ind2=' ' tag='043'><subfield code='a'>e-it---</subfield></datafield><datafield ind1=' ' ind2='4' tag='050'><subfield code='a'>N6921.V5</subfield><subfield code='b'>V386 2024</subfield></datafield><datafield ind1='0' ind2='4' tag='082'><subfield code='a'>709.4531</subfield><subfield code='2'>23</subfield></datafield><datafield ind1='0' ind2='0' tag='245'><subfield code='a'>Venice and the Ottoman Empire :</subfield><subfield code='b'>a tale of art, culture, and exchange /</subfield><subfield code='c'>edited by Stefano Carboni ; forewords by Luigi Brugnaro and Mariacristina Gribaudi ; essays by Mauro Bondioli, Stefano Carboni, Priscilla Mary Işın, Trinita Kennedy, Naz Defne Kut, Julian Raby, Irena Radić Rossi, Günsel Renda, Wendy Ligon Smith, Chiara Squarcina, Anastasia Stouraiti, Camillo Tonini.</subfield></datafield><datafield ind1=' ' ind2='1' tag='264'><subfield code='a'>New York, NY :</subfield><subfield code='b'>Rizzoli Electa, a division of Rizzoli International Publications, Inc.,</subfield><subfield code='c'>2024.</subfield></datafield><datafield ind1=' ' ind2=' ' tag='300'><subfield code='a'>220 pages :</subfield><subfield code='b'>illustrations (chiefly color), maps ;</subfield><subfield code='c'>30 cm</subfield></datafield><datafield ind1=' ' ind2=' ' tag='336'><subfield code='a'>text</subfield><subfield code='b'>txt</subfield><subfield code='2'>rdacontent</subfield></datafield><datafield ind1=' ' ind2=' ' tag='336'><subfield code='a'>still image</subfield><subfield code='b'>sti</subfield><subfield code='2'>rdacontent</subfield></datafield><datafield ind1=' ' ind2=' ' tag='337'><subfield code='a'>unmediated</subfield><subfield code='b'>n</subfield><subfield code='2'>rdamedia</subfield></datafield><datafield ind1=' ' ind2=' ' tag='338'><subfield code='a'>volume</subfield><subfield code='b'>nc</subfield><subfield code='2'>rdacarrier</subfield></datafield><datafield ind1=' ' ind2=' ' tag='504'><subfield code='a'>Includes bibliographical references.</subfield></datafield><datafield ind1='0' ind2=' ' tag='505'><subfield code='a'>Venetian paintings with textiles and carpets as evidence of trade and diplomatic relations with the Ottomans -- Venice and the Ottoman Empire in black and white -- From Rabeschi to Alla Turchesca : inspiration, imitation, and house display during the &quot;Ottoman&quot; period in Venice -- Diplomatic relations through trade, peace, and conflict: the doge, the sultan, the bailo, the ambassador, the dragoman -- The shipwreck at Gnalić: a mirror to the renaissance world -- Two worlds in dialogue: luxury textiles between Venice and Istanbul -- Francesco Morosini: military leader and collector of Ottoman art and artifacts -- Mariano Fortuny and the revival of Ottoman textiles and patterns -- Shared fortunes, shared foods.</subfield></datafield><datafield ind1='0' ind2=' ' tag='520'><subfield code='a'>&quot;Accompanying a major traveling exhibition, this book examines the unique artistic and cultural exchange between the Republic of Venice and Turkish Ottoman culture and identity over three centuries. From the early Renaissance to the end of the eighteenth century, Venice held a central position in the global trade network, acting as a gateway for the exchange of goods, ideas, and artistic influences between East and West. This book explores how Ottoman artistic and cultural elements were absorbed and reinterpreted in Venetian art, from the decorative arts to printed books, painting, ceramics, and metalwork. This period saw the rise of a wealthy mercantile class that embraced and popularized Islamic art-derived patterns on a large scale, influencing local craftsmanship and leading to the production of imitation works. Featuring a diverse selection from the collections of the Musei Civici di Venezia, this volume showcases the creative contributions of well-known artists such as Vittore Carpaccio, Gentile Bellini, Michele Giambono, and Mariano Fortuny alongside works created by the best anonymous artisans both in Venice and the Ottoman Empire, including textiles, metalwork, armor, and ceramics. Enriched by newly researched essays from esteemed international scholars, this significant volume offers fresh perspectives on the intricate relationship between Venice and the Ottoman Empire, shedding light on their diplomatic strategies, intelligence efforts, and the pivotal role of dragomans (diplomatic translators). Individual figures like Francesco Morosini are highlighted, showcasing the dual nature of Venetian-Ottoman relations, marked by both conflict and mutual respect. Additional essays delve into topics such as trade routes, shared economic interests, textiles, fashion, and the Venetian printing press&apos;s impact on public perceptions of the Ottoman Empire. Notable among these is the riveting account of the Gnalić shipwreck, which unveils the intricacies of sixteenth-century trade between Venice and Constantinople. Enhanced by extensive color plates, detailed illustrations, and a selection of Venetian and Ottoman culinary recipes, this comprehensive volume offers a nuanced exploration of the dynamic exchange between two influential powers, illuminating their enduring legacy on global art and culture&quot; --</subfield><subfield code='c'>Dust jacket.</subfield></datafield><datafield ind1=' ' ind2='0' tag='651'><subfield code='a'>Venice (Italy)</subfield><subfield code='x'>Art</subfield><subfield code='v'>Exhibitions.</subfield></datafield><datafield ind1=' ' ind2='0' tag='650'><subfield code='a'>Art, Italian</subfield><subfield code='z'>Italy</subfield><subfield code='z'>Venice</subfield><subfield code='x'>Foreign influences.</subfield></datafield><datafield ind1=' ' ind2='0' tag='650'><subfield code='a'>Art, Ottoman</subfield><subfield code='z'>Turkey</subfield><subfield code='x'>Influence.</subfield></datafield><datafield ind1=' ' ind2='0' tag='651'><subfield code='a'>Venice (Italy)</subfield><subfield code='x'>Civilization</subfield><subfield code='x'>Foreign influences.</subfield></datafield><datafield ind1=' ' ind2='0' tag='651'><subfield code='a'>Venice (Italy)</subfield><subfield code='x'>Relations</subfield><subfield code='z'>Turkey.</subfield></datafield><datafield ind1=' ' ind2='0' tag='651'><subfield code='a'>Turkey</subfield><subfield code='x'>Relations</subfield><subfield code='z'>Italy</subfield><subfield code='z'>Venice.</subfield></datafield><datafield ind1=' ' ind2='0' tag='651'><subfield code='a'>Venice (Italy)</subfield><subfield code='x'>History</subfield><subfield code='y'>1508-1797.</subfield><subfield code='0'>http://id.loc.gov/authorities/subjects/sh85142724</subfield></datafield><datafield ind1=' ' ind2='0' tag='651'><subfield code='a'>Turkey</subfield><subfield code='x'>History.</subfield><subfield code='0'>http://id.loc.gov/authorities/subjects/sh85138799</subfield></datafield><datafield ind1=' ' ind2='6' tag='650'><subfield code='a'>Art italien</subfield><subfield code='0'>(CaQQLa)201-0106540</subfield><subfield code='z'>Italie</subfield><subfield code='0'>(CaQQLa)201-0106540</subfield><subfield code='z'>Venise</subfield><subfield code='0'>(CaQQLa)201-0106540</subfield><subfield code='x'>Influence étrangère.</subfield><subfield code='0'>(CaQQLa)201-0375871</subfield></datafield><datafield ind1=' ' ind2='6' tag='651'><subfield code='a'>Venise (Italie)</subfield><subfield code='0'>(CaQQLa)201-0115453</subfield><subfield code='x'>Civilisation</subfield><subfield code='0'>(CaQQLa)201-0115453</subfield><subfield code='x'>Influence étrangère.</subfield><subfield code='0'>(CaQQLa)201-0375871</subfield></datafield><datafield ind1=' ' ind2='6' tag='651'><subfield code='a'>Asie Mineure</subfield><subfield code='0'>(CaQQLa)201-0108545</subfield><subfield code='x'>Relations</subfield><subfield code='0'>(CaQQLa)201-0375058</subfield><subfield code='z'>Italie</subfield><subfield code='0'>(CaQQLa)201-0485248</subfield><subfield code='z'>Venise.</subfield><subfield code='0'>(CaQQLa)201-0485248</subfield></datafield><datafield ind1=' ' ind2='6' tag='651'><subfield code='a'>Venise (Italie)</subfield><subfield code='x'>Histoire</subfield><subfield code='y'>1508-1797.</subfield><subfield code='0'>(CaQQLa)201-0018835</subfield></datafield><datafield ind1=' ' ind2='6' tag='651'><subfield code='a'>Turquie</subfield><subfield code='x'>Histoire.</subfield><subfield code='0'>(CaQQLa)201-0049596</subfield></datafield><datafield ind1=' ' ind2='7' tag='650'><subfield code='a'>ART / General.</subfield><subfield code='2'>bisacsh</subfield></datafield><datafield ind1=' ' ind2='7' tag='655'><subfield code='a'>Exhibition catalogs.</subfield><subfield code='2'>aat</subfield><subfield code='0'>(CStmoGRI)aatgf300026096</subfield><subfield code='0'>http://vocab.getty.edu/aat/300026096</subfield></datafield><datafield ind1=' ' ind2='7' tag='655'><subfield code='a'>Exhibition catalogs.</subfield><subfield code='2'>lcgft</subfield><subfield code='0'>http://id.loc.gov/authorities/genreForms/gf2014026098</subfield></datafield><datafield ind1=' ' ind2='7' tag='655'><subfield code='a'>Catalogues d&apos;exposition.</subfield><subfield code='2'>rvmgf</subfield><subfield code='0'>(CaQQLa)RVMGF-000001063</subfield></datafield><datafield ind1='1' ind2=' ' tag='700'><subfield code='a'>Carboni, Stefano,</subfield><subfield code='e'>editor,</subfield><subfield code='e'>author.</subfield><subfield code='1'>https://id.oclc.org/worldcat/entity/E39PCjxwwJRCcQ3wgdCB89RdwC</subfield><subfield code='4'>http://id.loc.gov/vocabulary/relators/edt</subfield><subfield code='4'>http://id.loc.gov/vocabulary/relators/aut</subfield><subfield code='0'>http://id.loc.gov/authorities/names/nr91004998</subfield></datafield><datafield ind1='1' ind2=' ' tag='700'><subfield code='a'>Brugnaro, Luigi,</subfield><subfield code='d'>1961-</subfield><subfield code='e'>writer of foreword.</subfield><subfield code='0'>http://id.loc.gov/authorities/names/no2024123094</subfield></datafield><datafield ind1='1' ind2=' ' tag='700'><subfield code='a'>Gribaudi, Mariacristina,</subfield><subfield code='e'>writer of foreword.</subfield><subfield code='0'>http://id.loc.gov/authorities/names/no2024013949</subfield></datafield><datafield ind1='1' ind2=' ' tag='700'><subfield code='a'>Işın, Priscilla Mary,</subfield><subfield code='e'>author.</subfield><subfield code='1'>https://id.oclc.org/worldcat/entity/E39PCjCWfkY9txWTGpwqQHG8md</subfield><subfield code='4'>http://id.loc.gov/vocabulary/relators/aut</subfield><subfield code='0'>http://id.loc.gov/authorities/names/no99065481</subfield></datafield><datafield ind1='1' ind2=' ' tag='700'><subfield code='a'>Kennedy, Trinita,</subfield><subfield code='e'>author.</subfield><subfield code='1'>https://id.oclc.org/worldcat/entity/E39PCjKPd6KFdFWkQdjfpwCjP3</subfield><subfield code='4'>http://id.loc.gov/vocabulary/relators/aut</subfield><subfield code='0'>http://id.loc.gov/authorities/names/no2011180064</subfield></datafield><datafield ind1='1' ind2=' ' tag='700'><subfield code='a'>Kut, Naz Defne,</subfield><subfield code='e'>author.</subfield><subfield code='4'>http://id.loc.gov/vocabulary/relators/aut</subfield><subfield code='0'>http://id.loc.gov/authorities/names/no2024123177</subfield></datafield><datafield ind1='1' ind2=' ' tag='700'><subfield code='a'>Raby, Julian,</subfield><subfield code='e'>author.</subfield><subfield code='1'>https://id.oclc.org/worldcat/entity/E39PBJwXbbhGh8CgPtWXbyCWjC</subfield><subfield code='4'>http://id.loc.gov/vocabulary/relators/aut</subfield><subfield code='0'>http://id.loc.gov/authorities/names/n82204992</subfield></datafield><datafield ind1='1' ind2=' ' tag='700'><subfield code='a'>Radić Rossi, Irena,</subfield><subfield code='e'>author.</subfield><subfield code='1'>https://id.oclc.org/worldcat/entity/E39PCjHp3j8Kx9yfy9MTKyJTRC</subfield><subfield code='4'>http://id.loc.gov/vocabulary/relators/aut</subfield><subfield code='0'>http://id.loc.gov/authorities/names/no2007027496</subfield></datafield><datafield ind1='1' ind2=' ' tag='700'><subfield code='a'>Renda, Günsel,</subfield><subfield code='e'>author.</subfield><subfield code='1'>https://id.oclc.org/worldcat/entity/E39PCjC9cdYm64r7JJYhbPfJ8P</subfield><subfield code='4'>http://id.loc.gov/vocabulary/relators/aut</subfield><subfield code='0'>http://id.loc.gov/authorities/names/n86109122</subfield></datafield><datafield ind1='1' ind2=' ' tag='700'><subfield code='a'>Smith, Wendy Ligon,</subfield><subfield code='e'>author.</subfield><subfield code='1'>https://id.oclc.org/worldcat/entity/E39PCjw7cFq8yjMVQWmVx9HKkC</subfield><subfield code='4'>http://id.loc.gov/vocabulary/relators/aut</subfield><subfield code='0'>http://id.loc.gov/authorities/names/no2017023023</subfield></datafield><datafield ind1='1' ind2=' ' tag='700'><subfield code='a'>Squarcina, Chiara,</subfield><subfield code='e'>author.</subfield><subfield code='1'>https://id.oclc.org/worldcat/entity/E39PCjqCWrBjQ6YDXkpYPqGwfm</subfield><subfield code='4'>http://id.loc.gov/vocabulary/relators/aut</subfield><subfield code='0'>http://id.loc.gov/authorities/names/no2012112028</subfield></datafield><datafield ind1='1' ind2=' ' tag='700'><subfield code='a'>Stouraiti, Anastasia,</subfield><subfield code='e'>author.</subfield><subfield code='1'>https://id.oclc.org/worldcat/entity/E39PCjJJ4xh4XHRxTyC9f6bxcP</subfield><subfield code='4'>http://id.loc.gov/vocabulary/relators/aut</subfield><subfield code='0'>http://id.loc.gov/authorities/names/n2001028626</subfield></datafield><datafield ind1='1' ind2=' ' tag='700'><subfield code='a'>Tonini, Camillo,</subfield><subfield code='e'>author.</subfield><subfield code='1'>https://id.oclc.org/worldcat/entity/E39PCjvcxVwdK8xhDCwVMXXTVy</subfield><subfield code='4'>http://id.loc.gov/vocabulary/relators/aut</subfield><subfield code='0'>http://id.loc.gov/authorities/names/nb99166011</subfield></datafield><datafield ind1=' ' ind2=' ' tag='900'><subfield code='a'>MARS</subfield></datafield><datafield ind1=' ' ind2=' ' tag='960'><subfield code='f'>337041</subfield><subfield code='i'>0080189776</subfield><subfield code='s'>60</subfield><subfield code='t'>faxlc</subfield><subfield code='u'>2625APB</subfield></datafield><datafield ind1='1' ind2=' ' tag='948'><subfield code='a'>20250116</subfield><subfield code='b'>c</subfield><subfield code='c'>wwb1</subfield><subfield code='d'>MPS</subfield></datafield><datafield ind1=' ' ind2=' ' tag='901'><subfield code='a'>d0c2700b-e800-4804-9cd5-7f19df88b180</subfield><subfield code='b'>29</subfield><subfield code='c'>false</subfield></datafield><datafield ind1='0' ind2='0' tag='852'><subfield code='0'>16349974</subfield><subfield code='h'>N6921.V5</subfield><subfield code='i'>V386 2024g</subfield><subfield code='b'>scsbcul</subfield></datafield><datafield ind1=' ' ind2=' ' tag='876'><subfield code='0'>16349974</subfield><subfield code='a'>23101175</subfield><subfield code='h'>In Library Use</subfield><subfield code='j'>Available</subfield><subfield code='p'>AR03020789</subfield><subfield code='t'>0</subfield><subfield code='x'>Shared</subfield><subfield code='z'>AR</subfield><subfield code='l'>RECAP</subfield></datafield></record>