
<record><leader>02765cam a2200493 i 4500</leader><controlfield tag='001'>SCSB-14509344</controlfield><controlfield tag='003'>NNC</controlfield><controlfield tag='005'>20240626212732.0</controlfield><controlfield tag='008'>221010s2022    enka     bc   000 0 eng d</controlfield><controlfield tag='009'>17365468</controlfield><datafield ind1=' ' ind2=' ' tag='020'><subfield code='a'>9781849768351</subfield><subfield code='q'>paperback</subfield></datafield><datafield ind1=' ' ind2=' ' tag='020'><subfield code='a'>1849768358</subfield><subfield code='q'>paperback</subfield></datafield><datafield ind1=' ' ind2=' ' tag='024'><subfield code='a'>99993729328</subfield></datafield><datafield ind1=' ' ind2=' ' tag='035'><subfield code='a'>(OCoLC)on1348392229</subfield></datafield><datafield ind1=' ' ind2=' ' tag='035'><subfield code='a'>(OCoLC)1348392229</subfield></datafield><datafield ind1=' ' ind2=' ' tag='035'><subfield code='a'>17365468</subfield></datafield><datafield ind1=' ' ind2=' ' tag='040'><subfield code='a'>UKMGB</subfield><subfield code='b'>eng</subfield><subfield code='e'>rda</subfield><subfield code='c'>UKMGB</subfield><subfield code='d'>OCLCF</subfield><subfield code='d'>AVA</subfield><subfield code='d'>UKOBU</subfield><subfield code='d'>YDX</subfield></datafield><datafield ind1=' ' ind2='4' tag='050'><subfield code='a'>N6669.V477</subfield><subfield code='b'>A4 2022</subfield></datafield><datafield ind1='0' ind2='4' tag='082'><subfield code='a'>709.2</subfield><subfield code='2'>23</subfield></datafield><datafield ind1='1' ind2=' ' tag='100'><subfield code='a'>Vicuña, Cecilia,</subfield><subfield code='e'>artist,</subfield><subfield code='e'>contributor.</subfield><subfield code='4'>http://id.loc.gov/vocabulary/relators/art</subfield><subfield code='4'>http://id.loc.gov/vocabulary/relators/ctb</subfield><subfield code='0'>http://id.loc.gov/authorities/names/n85130340</subfield></datafield><datafield ind1='1' ind2='0' tag='245'><subfield code='a'>Cecilia Vicuña :</subfield><subfield code='b'>brain forest quipu /</subfield><subfield code='c'>edited by Catherine Wood ; with contributions by Chus Martínez, Fiontán Moran, Luke Roberts, Cecilia Vicuña and Catherine Wood.</subfield></datafield><datafield ind1='3' ind2='0' tag='246'><subfield code='a'>Brain forest quipu</subfield></datafield><datafield ind1='1' ind2='3' tag='246'><subfield code='a'>Hyundai Commission :</subfield><subfield code='b'>Cecilia Vicuña : brain forest quipu</subfield></datafield><datafield ind1=' ' ind2='1' tag='264'><subfield code='a'>London :</subfield><subfield code='b'>Tate Publishing,</subfield><subfield code='c'>2022.</subfield></datafield><datafield ind1=' ' ind2=' ' tag='300'><subfield code='a'>134 pages :</subfield><subfield code='b'>illustrations (colour) ;</subfield><subfield code='c'>24 cm</subfield></datafield><datafield ind1=' ' ind2=' ' tag='336'><subfield code='a'>text</subfield><subfield code='b'>txt</subfield><subfield code='2'>rdacontent</subfield></datafield><datafield ind1=' ' ind2=' ' tag='336'><subfield code='a'>still image</subfield><subfield code='b'>sti</subfield><subfield code='2'>rdacontent</subfield></datafield><datafield ind1=' ' ind2=' ' tag='337'><subfield code='a'>unmediated</subfield><subfield code='b'>n</subfield><subfield code='2'>rdamedia</subfield></datafield><datafield ind1=' ' ind2=' ' tag='338'><subfield code='a'>volume</subfield><subfield code='b'>nc</subfield><subfield code='2'>rdacarrier</subfield></datafield><datafield ind1=' ' ind2=' ' tag='500'><subfield code='a'>Published to accompany the exhibition held at Tate Modern, London, 11th October 2022-16th April 2023.</subfield></datafield><datafield ind1=' ' ind2=' ' tag='500'><subfield code='a'>At head of title: Hyundai Commission.</subfield></datafield><datafield ind1=' ' ind2=' ' tag='504'><subfield code='a'>Includes bibliographical references.</subfield></datafield><datafield ind1='1' ind2='0' tag='600'><subfield code='a'>Vicuña, Cecilia</subfield><subfield code='v'>Exhibitions.</subfield></datafield><datafield ind1=' ' ind2='0' tag='650'><subfield code='a'>Art, Chilean</subfield><subfield code='y'>21st century</subfield><subfield code='v'>Exhibitions.</subfield></datafield><datafield ind1=' ' ind2='0' tag='650'><subfield code='a'>Installations (Art)</subfield><subfield code='y'>21st century</subfield><subfield code='v'>Exhibitions.</subfield></datafield><datafield ind1='1' ind2='7' tag='600'><subfield code='a'>Vicuña, Cecilia.</subfield><subfield code='2'>fast</subfield><subfield code='0'>(OCoLC)fst00163557</subfield></datafield><datafield ind1=' ' ind2='7' tag='655'><subfield code='a'>Exhibition catalogs.</subfield><subfield code='2'>fast</subfield><subfield code='0'>(OCoLC)fst01424028</subfield></datafield><datafield ind1='1' ind2='2' tag='700'><subfield code='a'>Vicuña, Cecilia.</subfield><subfield code='t'>Works.</subfield><subfield code='k'>Selections.</subfield><subfield code='0'>http://id.loc.gov/authorities/names/no2020092468</subfield></datafield><datafield ind1='1' ind2=' ' tag='700'><subfield code='a'>Wood, Catherine,</subfield><subfield code='d'>1973-</subfield><subfield code='e'>editor,</subfield><subfield code='e'>contributor.</subfield><subfield code='4'>http://id.loc.gov/vocabulary/relators/edt</subfield><subfield code='4'>http://id.loc.gov/vocabulary/relators/ctb</subfield><subfield code='0'>http://id.loc.gov/authorities/names/nb2009007016</subfield></datafield><datafield ind1='1' ind2=' ' tag='700'><subfield code='a'>Martínez, Chus,</subfield><subfield code='e'>contributor.</subfield><subfield code='4'>http://id.loc.gov/vocabulary/relators/ctb</subfield><subfield code='0'>http://id.loc.gov/authorities/names/no2005001147</subfield></datafield><datafield ind1='1' ind2=' ' tag='700'><subfield code='a'>Moran, Fiontán,</subfield><subfield code='e'>contributor.</subfield><subfield code='4'>http://id.loc.gov/vocabulary/relators/ctb</subfield><subfield code='0'>http://id.loc.gov/authorities/names/no2016024353</subfield></datafield><datafield ind1='1' ind2=' ' tag='700'><subfield code='a'>Roberts, Luke,</subfield><subfield code='e'>contributor.</subfield><subfield code='4'>http://id.loc.gov/vocabulary/relators/ctb</subfield><subfield code='0'>http://id.loc.gov/authorities/names/nb2010024752</subfield></datafield><datafield ind1='2' ind2=' ' tag='710'><subfield code='a'>Tate Modern (Gallery),</subfield><subfield code='e'>host institution.</subfield><subfield code='1'>https://isni.org/isni/0000000123755359</subfield><subfield code='4'>http://id.loc.gov/vocabulary/relators/his</subfield><subfield code='0'>http://id.loc.gov/authorities/names/nr00020575</subfield></datafield><datafield ind1=' ' ind2=' ' tag='901'><subfield code='a'>549947d0-eafa-4d7f-9964-071eb778c412</subfield><subfield code='b'>25</subfield><subfield code='c'>false</subfield></datafield><datafield ind1='0' ind2='0' tag='852'><subfield code='h'>N6669.V477 A4 2022g</subfield><subfield code='0'>15488906</subfield><subfield code='b'>scsbcul</subfield></datafield><datafield ind1=' ' ind2=' ' tag='876'><subfield code='0'>15488906</subfield><subfield code='a'>22071600</subfield><subfield code='h'>In Library Use</subfield><subfield code='j'>Available</subfield><subfield code='p'>AR03075206</subfield><subfield code='t'>1</subfield><subfield code='x'>Shared</subfield><subfield code='z'>AR</subfield><subfield code='l'>RECAP</subfield></datafield></record>