
<record><leader>00808nam a2200265Ia 4500</leader><controlfield tag='001'>SCSB-6118140</controlfield><controlfield tag='003'>OCoLC</controlfield><controlfield tag='005'>20041008093446.5</controlfield><controlfield tag='008'>040615s2004    ag a          000 p spa d</controlfield><controlfield tag='009'>.b159426169</controlfield><datafield ind1=' ' ind2=' ' tag='020'><subfield code='a'>9871057393</subfield></datafield><datafield ind1=' ' ind2=' ' tag='040'><subfield code='a'>OCL</subfield><subfield code='c'>OCL</subfield><subfield code='d'>NYP</subfield><subfield code='d'>OCoLC</subfield></datafield><datafield ind1='0' ind2=' ' tag='041'><subfield code='a'>spa</subfield><subfield code='a'>eng</subfield></datafield><datafield ind1=' ' ind2=' ' tag='049'><subfield code='a'>NYPG</subfield></datafield><datafield ind1='1' ind2=' ' tag='100'><subfield code='a'>Vicuña, Cecilia.</subfield></datafield><datafield ind1='1' ind2='0' tag='245'><subfield code='a'>I tu /</subfield><subfield code='c'>Cecilia Vicuña.</subfield></datafield><datafield ind1=' ' ind2=' ' tag='260'><subfield code='a'>Buenos Aires :</subfield><subfield code='b'>Tsé=Tsé,</subfield><subfield code='c'>c2004.</subfield></datafield><datafield ind1=' ' ind2=' ' tag='300'><subfield code='a'>1 v. (unpaged) :</subfield><subfield code='b'>ill. ;</subfield><subfield code='c'>20 cm.</subfield></datafield><datafield ind1='1' ind2=' ' tag='490'><subfield code='a'>Archipiélago ;</subfield><subfield code='v'>8</subfield></datafield><datafield ind1=' ' ind2=' ' tag='546'><subfield code='a'>Spanish and English.</subfield></datafield><datafield ind1=' ' ind2='0' tag='830'><subfield code='a'>Archipiélago (Buenos Aires, Argentina) ;</subfield><subfield code='v'>8.</subfield></datafield><datafield ind1=' ' ind2=' ' tag='907'><subfield code='a'>.b159426169</subfield><subfield code='c'>m</subfield><subfield code='d'>a</subfield><subfield code='e'>-</subfield><subfield code='f'>spa</subfield><subfield code='g'>ag</subfield><subfield code='h'>0</subfield><subfield code='i'>1</subfield></datafield><datafield ind1=' ' ind2=' ' tag='035'><subfield code='a'>(OCoLC)55650640</subfield></datafield><datafield ind1='8' ind2=' ' tag='852'><subfield code='h'>JFD 04-16580</subfield><subfield code='0'>6138444</subfield><subfield code='b'>scsbnypl</subfield></datafield><datafield ind1=' ' ind2=' ' tag='876'><subfield code='0'>6138444</subfield><subfield code='a'>10088612</subfield><subfield code='j'>Available</subfield><subfield code='p'>33433064355047</subfield><subfield code='t'>1</subfield><subfield code='x'>Shared</subfield><subfield code='z'>NA</subfield><subfield code='l'>RECAP</subfield></datafield></record>