
<record><leader>00000ntm  2200361Ia 4500</leader><controlfield tag='001'>SCSB-14918791</controlfield><controlfield tag='003'>OCoLC</controlfield><controlfield tag='005'>20080620154953.0</controlfield><controlfield tag='008'>080620s2001    xx      rbm   000 0 spa dntmIa </controlfield><controlfield tag='009'>.b165340472</controlfield><datafield ind1='1' ind2=' ' tag='100'><subfield code='a'>Natal Medina, Freddie Javier.</subfield></datafield><datafield ind1='1' ind2='0' tag='600'><subfield code='a'>Vega, Ana Lydia</subfield><subfield code='x'>Criticism and interpretation</subfield><subfield code='y'>20th century.</subfield></datafield><datafield ind1='1' ind2='0' tag='600'><subfield code='a'>Santos Febres, Mayra</subfield><subfield code='x'>Criticism and interpretation</subfield><subfield code='y'>20th century.</subfield></datafield><datafield ind1=' ' ind2='0' tag='650'><subfield code='a'>Short stories, Puerto Rican</subfield><subfield code='x'>Women authors.</subfield></datafield><datafield ind1=' ' ind2='0' tag='650'><subfield code='a'>Puerto Rican fiction.</subfield></datafield><datafield ind1=' ' ind2='0' tag='650'><subfield code='a'>Black in literature</subfield><subfield code='z'>Puerto Rico.</subfield></datafield><datafield ind1=' ' ind2='0' tag='650'><subfield code='a'>Negritude (Literary movement)</subfield></datafield><datafield ind1=' ' ind2='0' tag='650'><subfield code='a'>Puerto Rican literature</subfield><subfield code='x'>History and criticism</subfield><subfield code='y'>20th century.</subfield></datafield><datafield ind1=' ' ind2=' ' tag='502'><subfield code='a'>Thesis (M.A.)--Universidad de Puerto Rico, Recinto Universitario de Mayagüez, 2001.</subfield></datafield><datafield ind1=' ' ind2=' ' tag='504'><subfield code='a'>Includes bibliographical references (leaves 97-102).</subfield></datafield><datafield ind1=' ' ind2=' ' tag='533'><subfield code='a'>Photocopy.</subfield><subfield code='b'>Ann Arbor, Mich. :</subfield><subfield code='c'>UMI Dissertation Services,</subfield><subfield code='d'>2007.</subfield></datafield><datafield ind1=' ' ind2=' ' tag='546'><subfield code='a'>Abstract in Spanish and English.</subfield></datafield><datafield ind1=' ' ind2=' ' tag='260'><subfield code='c'>2001.</subfield></datafield><datafield ind1=' ' ind2=' ' tag='300'><subfield code='a'>vii, 102 p. ;</subfield><subfield code='c'>22 cm.</subfield></datafield><datafield ind1='1' ind2='3' tag='245'><subfield code='a'>La representación/autorepresentación de la negritud en tres cuentos de Ana Lydia Vega y tres cuentos de Mayra Santos Febres /</subfield><subfield code='c'>por Freddie Javier Natal Medina.</subfield></datafield><datafield ind1=' ' ind2=' ' tag='040'><subfield code='a'>NYP</subfield><subfield code='c'>NYP</subfield></datafield><datafield ind1=' ' ind2=' ' tag='043'><subfield code='a'>nwpr---</subfield></datafield><datafield ind1=' ' ind2=' ' tag='049'><subfield code='a'>NYPP</subfield></datafield><datafield ind1=' ' ind2=' ' tag='901'><subfield code='b'>sg</subfield><subfield code='c'>scr/irm</subfield></datafield><datafield ind1=' ' ind2=' ' tag='946'><subfield code='a'>m</subfield></datafield><datafield ind1=' ' ind2=' ' tag='997'><subfield code='a'>sg</subfield><subfield code='b'>06-23-08</subfield><subfield code='c'>m</subfield><subfield code='d'>t</subfield><subfield code='e'>-</subfield><subfield code='f'>spa</subfield><subfield code='g'>xx</subfield><subfield code='h'>3</subfield></datafield><datafield ind1=' ' ind2=' ' tag='910'><subfield code='a'>RL</subfield></datafield><datafield ind1='0' ind2='0' tag='907'><subfield code='a'>.b165340472</subfield></datafield><datafield ind1=' ' ind2=' ' tag='035'><subfield code='a'>(OCoLC)232362702</subfield></datafield><datafield ind1='8' ind2=' ' tag='852'><subfield code='h'>Sc D 08-1199</subfield><subfield code='0'>15961339</subfield><subfield code='b'>scsbnypl</subfield></datafield><datafield ind1=' ' ind2=' ' tag='876'><subfield code='0'>15961339</subfield><subfield code='a'>22647645</subfield><subfield code='j'>Available</subfield><subfield code='p'>33433077483281</subfield><subfield code='t'>1</subfield><subfield code='x'>Shared</subfield><subfield code='z'>NA</subfield><subfield code='l'>RECAP</subfield></datafield></record>