
<record><leader>00880cam a2200229u  4500</leader><controlfield tag='001'>SCSB-8042284</controlfield><controlfield tag='003'>OCoLC</controlfield><controlfield tag='005'>19980119064352.0</controlfield><controlfield tag='008'>851205s1919    nyua          000 0 eng d</controlfield><controlfield tag='009'>.b13473516x</controlfield><datafield ind1=' ' ind2=' ' tag='040'><subfield code='a'>GZD</subfield><subfield code='c'>GZD</subfield><subfield code='d'>MUS</subfield><subfield code='d'>NYP</subfield></datafield><datafield ind1=' ' ind2=' ' tag='049'><subfield code='a'>NYPG</subfield></datafield><datafield ind1='1' ind2=' ' tag='100'><subfield code='a'>Bodmer, Rudolph John,</subfield><subfield code='d'>1872-</subfield><subfield code='e'>ed.</subfield></datafield><datafield ind1='1' ind2='4' tag='245'><subfield code='a'>The book of wonders,</subfield><subfield code='c'>ed. and arranged by Rudolph J. Bodner.</subfield></datafield><datafield ind1=' ' ind2=' ' tag='260'><subfield code='a'>New York,</subfield><subfield code='b'>Bureau of Industrial Education,</subfield><subfield code='c'>1919.</subfield></datafield><datafield ind1=' ' ind2=' ' tag='300'><subfield code='a'>603 p.</subfield><subfield code='b'>illus.</subfield></datafield><datafield ind1=' ' ind2='0' tag='650'><subfield code='a'>Encyclopedias and dictionaries.</subfield></datafield><datafield ind1='2' ind2=' ' tag='710'><subfield code='a'>Bureau of Industrial Education, Inc.</subfield></datafield><datafield ind1=' ' ind2=' ' tag='907'><subfield code='a'>.b13473516x</subfield><subfield code='c'>m</subfield><subfield code='d'>a</subfield><subfield code='e'>-</subfield><subfield code='f'>eng</subfield><subfield code='g'>nyu</subfield><subfield code='h'>4</subfield><subfield code='i'>1</subfield></datafield><datafield ind1=' ' ind2=' ' tag='035'><subfield code='a'>(OCoLC)12875626</subfield></datafield><datafield ind1=' ' ind2=' ' tag='901'><subfield code='a'>d656275f-f3d3-4c1f-a65f-e46b5621c8cb</subfield><subfield code='b'>9</subfield><subfield code='c'>false</subfield></datafield><datafield ind1='8' ind2=' ' tag='852'><subfield code='h'>*AY (Bodmer, R. J. Book of wonders)</subfield><subfield code='0'>8186118</subfield><subfield code='b'>scsbnypl</subfield></datafield><datafield ind1=' ' ind2=' ' tag='876'><subfield code='0'>8186118</subfield><subfield code='a'>13436532</subfield><subfield code='h'>In Library Use</subfield><subfield code='j'>Available</subfield><subfield code='p'>33433000984694</subfield><subfield code='t'>1</subfield><subfield code='x'>Shared</subfield><subfield code='z'>NA</subfield><subfield code='l'>RECAP</subfield></datafield></record>