
<record><leader>00705cam a2200193   4500</leader><controlfield tag='001'>SCSB-6681927</controlfield><controlfield tag='003'>OCoLC</controlfield><controlfield tag='005'>20060626011512.0</controlfield><controlfield tag='008'>720707s19--    maua   j      000 1 eng  </controlfield><controlfield tag='009'>.b172124499</controlfield><datafield ind1=' ' ind2=' ' tag='040'><subfield code='d'>UtOrBLW</subfield></datafield><datafield ind1=' ' ind2=' ' tag='091'><subfield code='p'>J</subfield><subfield code='a'>FIC</subfield><subfield code='c'>D</subfield></datafield><datafield ind1='1' ind2=' ' tag='100'><subfield code='a'>Dunsany,</subfield><subfield code='c'>Lord,</subfield><subfield code='d'>1878-1957.</subfield></datafield><datafield ind1='1' ind2='4' tag='245'><subfield code='a'>The book of wonder :</subfield><subfield code='b'>a chronicle of little adventures at the edge of the world /</subfield><subfield code='c'>by Lord Dunsany ; with illustrations by S. H. Sime.</subfield></datafield><datafield ind1=' ' ind2=' ' tag='260'><subfield code='a'>Boston :</subfield><subfield code='b'>J. W. Luce &amp; Co.,</subfield><subfield code='c'>[19--?]</subfield></datafield><datafield ind1=' ' ind2=' ' tag='300'><subfield code='a'>134 p. :</subfield><subfield code='b'>ill. ;</subfield><subfield code='c'>20 cm.</subfield></datafield><datafield ind1='1' ind2=' ' tag='700'><subfield code='a'>Sime, Sidney Herbert,</subfield><subfield code='d'>1867-1941,</subfield><subfield code='e'>ill.</subfield></datafield><datafield ind1=' ' ind2=' ' tag='907'><subfield code='a'>.b172124499</subfield><subfield code='c'>m</subfield><subfield code='d'>a</subfield><subfield code='e'>-</subfield><subfield code='f'>eng</subfield><subfield code='g'>mau</subfield><subfield code='h'>4</subfield><subfield code='i'>2</subfield></datafield><datafield ind1=' ' ind2=' ' tag='035'><subfield code='a'>(OCoLC)363621</subfield></datafield><datafield ind1='8' ind2=' ' tag='852'><subfield code='h'>ReCAP .b172124499</subfield><subfield code='0'>6763256</subfield><subfield code='b'>scsbnypl</subfield></datafield><datafield ind1=' ' ind2=' ' tag='876'><subfield code='0'>6763256</subfield><subfield code='a'>10917256</subfield><subfield code='h'>In Library Use</subfield><subfield code='j'>Available</subfield><subfield code='p'>33333120711607</subfield><subfield code='t'>1</subfield><subfield code='x'>Shared</subfield><subfield code='z'>NH</subfield><subfield code='l'>RECAP</subfield></datafield></record>