
<record><leader>00873nam a2200193I  4500</leader><controlfield tag='001'>SCSB-11549571</controlfield><controlfield tag='005'>20020606095253.2</controlfield><controlfield tag='008'>770929c19161914dcua          000 0 eng d</controlfield><controlfield tag='009'>990040866070203941</controlfield><datafield ind1=' ' ind2=' ' tag='035'><subfield code='a'>(OCoLC)3306181</subfield></datafield><datafield ind1=' ' ind2=' ' tag='040'><subfield code='a'>HDC</subfield><subfield code='c'>HDC</subfield><subfield code='d'>HLS</subfield></datafield><datafield ind1=' ' ind2='4' tag='050'><subfield code='a'>Q163</subfield><subfield code='b'>.B644</subfield></datafield><datafield ind1=' ' ind2=' ' tag='090'><subfield code='a'>Q163</subfield><subfield code='b'>.B644</subfield></datafield><datafield ind1='0' ind2='4' tag='245'><subfield code='a'>The Book of wonders,</subfield><subfield code='b'>gives plain and simple answers to the thousands of everyday questions that are asked and which all should be able to, but cannot answer.</subfield><subfield code='c'>Fully illustrated with hundreds of educational pictures which stimulate the mind and give a bird&apos;s eye view of the wonders of nature and the wonders produced by man ...</subfield></datafield><datafield ind1=' ' ind2=' ' tag='260'><subfield code='a'>Washington, D.C.</subfield><subfield code='b'>Bureau of Industrial Education.</subfield><subfield code='c'>1916 [c1914].</subfield></datafield><datafield ind1=' ' ind2=' ' tag='300'><subfield code='a'>603 p.</subfield><subfield code='b'>front., illus.,</subfield><subfield code='c'>25 cm.</subfield></datafield><datafield ind1=' ' ind2='0' tag='650'><subfield code='a'>Natural history</subfield><subfield code='v'>Popular works</subfield></datafield><datafield ind1=' ' ind2='0' tag='650'><subfield code='a'>Curiosities and wonders</subfield></datafield><datafield ind1=' ' ind2='7' tag='655'><subfield code='a'>Popular works</subfield><subfield code='2'>fast</subfield></datafield><datafield ind1=' ' ind2='0' tag='650'><subfield code='a'>Children&apos;s encyclopedias and dictionaries.</subfield></datafield><datafield ind1=' ' ind2='0' tag='650'><subfield code='a'>Science</subfield><subfield code='v'>Juvenile literature</subfield></datafield><datafield ind1=' ' ind2='0' tag='650'><subfield code='a'>Curiosities and wonders</subfield><subfield code='v'>Juvenile literature</subfield></datafield><datafield ind1='1' ind2=' ' tag='700'><subfield code='a'>Bodmer, Rudolph John,</subfield><subfield code='d'>1872-</subfield><subfield code='e'>ed.</subfield></datafield><datafield ind1='1' ind2=' ' tag='700'><subfield code='a'>Bodmer, Rudolph John,</subfield><subfield code='d'>1872-</subfield><subfield code='e'>editor.</subfield></datafield><datafield ind1='1' ind2=' ' tag='700'><subfield code='a'>Bodmer, Rudolph J.,</subfield><subfield code='q'>(Rudolph John),</subfield><subfield code='d'>1872-</subfield><subfield code='e'>editor.</subfield></datafield><datafield ind1='2' ind2=' ' tag='710'><subfield code='a'>L.H. Jenkins, Inc.,</subfield><subfield code='e'>printer,</subfield><subfield code='e'>binder.</subfield></datafield><datafield ind1='2' ind2=' ' tag='710'><subfield code='a'>Bureau of Industrial Education, Inc.,</subfield><subfield code='e'>publisher.</subfield></datafield><datafield ind1='0' ind2='8' tag='776'><subfield code='i'>Online version:</subfield><subfield code='t'>Book of wonders.</subfield><subfield code='d'>Washington, D.C. Bureau of Industrial Education. 1916 [©1914]</subfield><subfield code='w'>(OCoLC)894430432</subfield></datafield><datafield ind1='1' ind2=' ' tag='583'><subfield code='a'>committed to retain</subfield><subfield code='c'>20181001</subfield><subfield code='d'>in perpetuity</subfield><subfield code='f'>ReCAP Shared Collection</subfield><subfield code='5'>HUL</subfield><subfield code='8'>221904943210003941</subfield></datafield><datafield ind1='7' ind2=' ' tag='852'><subfield code='2'>ZHCL</subfield><subfield code='c'>HD</subfield><subfield code='h'>S 556.10</subfield><subfield code='0'>12361643</subfield><subfield code='b'>scsbhl</subfield></datafield><datafield ind1=' ' ind2=' ' tag='876'><subfield code='0'>12361643</subfield><subfield code='a'>18135246</subfield><subfield code='h'> </subfield><subfield code='j'>Available</subfield><subfield code='k'>WID</subfield><subfield code='p'>HNWSSN</subfield><subfield code='x'>Shared</subfield><subfield code='z'>HW</subfield><subfield code='l'>HD</subfield></datafield></record>