
<record><leader>01214nam a2200253I  4500</leader><controlfield tag='001'>SCSB-11769763</controlfield><controlfield tag='005'>20020606095253.2</controlfield><controlfield tag='008'>780615m19141921nyua          000 0 eng  </controlfield><controlfield tag='009'>990040867000203941</controlfield><datafield ind1=' ' ind2=' ' tag='010'><subfield code='a'>^^^14015786^</subfield></datafield><datafield ind1=' ' ind2=' ' tag='035'><subfield code='a'>(OCoLC)3977294</subfield></datafield><datafield ind1=' ' ind2=' ' tag='040'><subfield code='a'>DLC</subfield><subfield code='c'>TJC</subfield><subfield code='d'>HLS</subfield></datafield><datafield ind1='0' ind2=' ' tag='050'><subfield code='a'>AG243</subfield><subfield code='b'>.B6</subfield></datafield><datafield ind1='0' ind2='4' tag='245'><subfield code='a'>The Book of wonders,</subfield><subfield code='b'>gives plain and simple answers to the thousands of everyday questions that are asked and which all should be able to, but cannot answer.</subfield><subfield code='c'>Fully illustrated with hundreds of educational pictures which stimulate the mind and give a bird&apos;s eye view of the wonders of nature and the wonders produced by man.</subfield></datafield><datafield ind1=' ' ind2=' ' tag='260'><subfield code='a'>New York,</subfield><subfield code='b'>Presbrey syndicate, inc.,</subfield><subfield code='c'>1914-21.</subfield></datafield><datafield ind1=' ' ind2=' ' tag='300'><subfield code='a'>2 v.</subfield><subfield code='b'>front., illus.</subfield><subfield code='c'>24-26 cm.</subfield></datafield><datafield ind1=' ' ind2=' ' tag='500'><subfield code='a'>&quot;The Second book of wonders ... by Rudolph J. Bodmer and Amelie Willard Bodmer. Washington, D.C., Chicago, Ill., Bureau of industrial education, inc.&quot;</subfield></datafield><datafield ind1=' ' ind2='0' tag='650'><subfield code='a'>Curiosities and wonders</subfield></datafield><datafield ind1=' ' ind2='0' tag='650'><subfield code='a'>Technology</subfield><subfield code='v'>Miscellanea</subfield></datafield><datafield ind1=' ' ind2='0' tag='650'><subfield code='a'>Science</subfield><subfield code='v'>Miscellanea</subfield></datafield><datafield ind1=' ' ind2='0' tag='650'><subfield code='a'>Questions and answers</subfield></datafield><datafield ind1=' ' ind2='7' tag='655'><subfield code='a'>Trivia and miscellanea</subfield><subfield code='2'>fast</subfield></datafield><datafield ind1='1' ind2=' ' tag='700'><subfield code='a'>Bodmer, Rudolph John,</subfield><subfield code='d'>1872-</subfield><subfield code='e'>ed.</subfield></datafield><datafield ind1='1' ind2=' ' tag='700'><subfield code='a'>Bodmer, Amelie Willard,</subfield><subfield code='e'>joint ed.</subfield></datafield><datafield ind1='1' ind2=' ' tag='700'><subfield code='a'>Bodmer, Rudolph John,</subfield><subfield code='d'>1872-</subfield><subfield code='e'>editor.</subfield></datafield><datafield ind1='1' ind2=' ' tag='700'><subfield code='a'>Bodmer, Amelie Willard,</subfield><subfield code='e'>editor.</subfield></datafield><datafield ind1='0' ind2='8' tag='776'><subfield code='i'>Online version:</subfield><subfield code='t'>Book of wonders.</subfield><subfield code='d'>New York, Presbrey syndicate, 1914-21</subfield><subfield code='w'>(OCoLC)894101785</subfield></datafield><datafield ind1='1' ind2=' ' tag='583'><subfield code='a'>committed to retain</subfield><subfield code='c'>20181001</subfield><subfield code='d'>in perpetuity</subfield><subfield code='f'>ReCAP Shared Collection</subfield><subfield code='5'>HUL</subfield><subfield code='8'>221904989040003941</subfield></datafield><datafield ind1='7' ind2=' ' tag='852'><subfield code='2'>ZHCL</subfield><subfield code='c'>HD</subfield><subfield code='h'>KF 2201</subfield><subfield code='0'>12588315</subfield><subfield code='b'>scsbhl</subfield></datafield><datafield ind1=' ' ind2=' ' tag='876'><subfield code='0'>12588315</subfield><subfield code='a'>18370557</subfield><subfield code='h'> </subfield><subfield code='j'>Available</subfield><subfield code='k'>WID</subfield><subfield code='p'>HN2UBV</subfield><subfield code='x'>Shared</subfield><subfield code='z'>HW</subfield><subfield code='l'>HD</subfield></datafield><datafield ind1='7' ind2=' ' tag='852'><subfield code='2'>ZHCL</subfield><subfield code='c'>HD</subfield><subfield code='h'>KG 348</subfield><subfield code='0'>12588316</subfield><subfield code='b'>scsbhl</subfield></datafield><datafield ind1=' ' ind2=' ' tag='876'><subfield code='0'>12588316</subfield><subfield code='a'>18370558</subfield><subfield code='h'> </subfield><subfield code='j'>Available</subfield><subfield code='k'>WID</subfield><subfield code='p'>HN6M1U</subfield><subfield code='x'>Shared</subfield><subfield code='z'>HW</subfield><subfield code='l'>HD</subfield></datafield></record>