
<record><leader>00769cam a22002291  4500</leader><controlfield tag='001'>SCSB-3475853</controlfield><controlfield tag='003'>NNC</controlfield><controlfield tag='005'>20220609033319.0</controlfield><controlfield tag='008'>970102s196u    enkcf         000 0 eng d</controlfield><controlfield tag='009'>1946566</controlfield><datafield ind1=' ' ind2=' ' tag='035'><subfield code='a'>(OCoLC)ocm36147893</subfield></datafield><datafield ind1=' ' ind2=' ' tag='035'><subfield code='9'>AME4929CU</subfield></datafield><datafield ind1=' ' ind2=' ' tag='035'><subfield code='a'>1946566</subfield></datafield><datafield ind1=' ' ind2=' ' tag='040'><subfield code='a'>ZCU</subfield><subfield code='c'>ZCU</subfield></datafield><datafield ind1='1' ind2=' ' tag='100'><subfield code='a'>Tagore, Rabindranath,</subfield><subfield code='d'>1861-1941.</subfield><subfield code='0'>http://id.loc.gov/authorities/names/n80036680</subfield></datafield><datafield ind1='1' ind2='0' tag='245'><subfield code='a'>[Collotype reproductions of water-color drawings by Rabindranath Tagore. :</subfield><subfield code='b'>Printed for the Government of India.</subfield></datafield><datafield ind1=' ' ind2=' ' tag='260'><subfield code='a'>London :</subfield><subfield code='b'>Ganymede Press,</subfield><subfield code='c'>between 1960 and 1969?]</subfield></datafield><datafield ind1=' ' ind2=' ' tag='300'><subfield code='a'>37 color plates (including port.) ;</subfield><subfield code='c'>78 x 60 cm</subfield></datafield><datafield ind1=' ' ind2=' ' tag='336'><subfield code='a'>text</subfield><subfield code='b'>txt</subfield><subfield code='2'>rdacontent</subfield></datafield><datafield ind1=' ' ind2=' ' tag='337'><subfield code='a'>unmediated</subfield><subfield code='b'>n</subfield><subfield code='2'>rdamedia</subfield></datafield><datafield ind1=' ' ind2=' ' tag='500'><subfield code='a'>In portfolio.</subfield></datafield><datafield ind1='8' ind2='0' tag='852'><subfield code='h'>ND1009 T12 T12 F</subfield><subfield code='0'>3477575</subfield><subfield code='b'>scsbcul</subfield></datafield><datafield ind1=' ' ind2=' ' tag='876'><subfield code='0'>3477575</subfield><subfield code='a'>5208543</subfield><subfield code='h'>In Library Use</subfield><subfield code='j'>Available</subfield><subfield code='p'>AR01014366</subfield><subfield code='t'>1</subfield><subfield code='x'>Shared</subfield><subfield code='z'>AR</subfield><subfield code='l'>RECAP</subfield></datafield></record>