
<record><leader>00610nam a2200193u  4500</leader><controlfield tag='001'>SCSB-11006408</controlfield><controlfield tag='005'>20020606163548.3</controlfield><controlfield tag='008'>960807s19uu    enk           000 0 eng d</controlfield><controlfield tag='009'>990070280730203941</controlfield><datafield ind1=' ' ind2=' ' tag='035'><subfield code='a'>(OCoLC)77832130</subfield></datafield><datafield ind1=' ' ind2=' ' tag='040'><subfield code='a'>HLS</subfield><subfield code='c'>HLS</subfield></datafield><datafield ind1='0' ind2='0' tag='245'><subfield code='a'>Thirty-six selected photographs of Oxford: permanently printed by the collotype process.</subfield></datafield><datafield ind1='3' ind2=' ' tag='246'><subfield code='a'>Photographs of Oxford.</subfield></datafield><datafield ind1='3' ind2=' ' tag='246'><subfield code='a'>Photographs of Oxford</subfield></datafield><datafield ind1=' ' ind2=' ' tag='260'><subfield code='a'>Oxford,</subfield><subfield code='b'>Alden</subfield><subfield code='c'>[19--?]</subfield></datafield><datafield ind1=' ' ind2=' ' tag='300'><subfield code='a'>[21] p.</subfield><subfield code='b'>chiefly illus.</subfield></datafield><datafield ind1=' ' ind2=' ' tag='500'><subfield code='a'>Cover title: Photographs of Oxford.</subfield></datafield><datafield ind1=' ' ind2='9' tag='691'><subfield code='a'>Oxford, Eng.</subfield><subfield code='x'>Views.</subfield><subfield code='5'>wid</subfield></datafield><datafield ind1='2' ind2=' ' tag='710'><subfield code='a'>Alden &amp; Company</subfield></datafield><datafield ind1='1' ind2=' ' tag='583'><subfield code='a'>committed to retain</subfield><subfield code='c'>20181001</subfield><subfield code='d'>in perpetuity</subfield><subfield code='f'>ReCAP Shared Collection</subfield><subfield code='5'>HUL</subfield><subfield code='8'>221996811780003941</subfield></datafield><datafield ind1='7' ind2=' ' tag='852'><subfield code='2'>ZHCL</subfield><subfield code='c'>HD</subfield><subfield code='h'>Br 5220.98.15</subfield><subfield code='0'>11802501</subfield><subfield code='b'>scsbhl</subfield></datafield><datafield ind1=' ' ind2=' ' tag='876'><subfield code='0'>11802501</subfield><subfield code='a'>17555569</subfield><subfield code='h'> </subfield><subfield code='j'>Available</subfield><subfield code='k'>WID</subfield><subfield code='p'>32044081225518</subfield><subfield code='x'>Shared</subfield><subfield code='z'>HW</subfield><subfield code='l'>HD</subfield></datafield></record>