
<record><leader>00000cam a2200361Ii 4500</leader><controlfield tag='001'>SCSB-11488201</controlfield><controlfield tag='005'>20100408151110.0</controlfield><controlfield tag='008'>010115s1999    it af    b    000 0 ita d</controlfield><controlfield tag='009'>990086523210203941</controlfield><datafield ind1=' ' ind2=' ' tag='020'><subfield code='a'>8879892797</subfield></datafield><datafield ind1=' ' ind2=' ' tag='035'><subfield code='a'>(OCoLC)45720836</subfield><subfield code='z'>(OCoLC)1170573871</subfield></datafield><datafield ind1=' ' ind2=' ' tag='040'><subfield code='a'>C3L</subfield><subfield code='c'>C3L</subfield><subfield code='d'>OCL</subfield><subfield code='d'>EMU</subfield><subfield code='d'>OCLCQ</subfield></datafield><datafield ind1='1' ind2=' ' tag='041'><subfield code='a'>ita</subfield><subfield code='h'>ger</subfield></datafield><datafield ind1=' ' ind2=' ' tag='043'><subfield code='a'>e-it---</subfield></datafield><datafield ind1=' ' ind2=' ' tag='045'><subfield code='a'>w1w9</subfield></datafield><datafield ind1=' ' ind2='4' tag='050'><subfield code='a'>GR177.S5</subfield><subfield code='b'>G616 1999</subfield></datafield><datafield ind1='1' ind2='4' tag='082'><subfield code='a'>398</subfield></datafield><datafield ind1=' ' ind2=' ' tag='090'><subfield code='a'>GR177.S5</subfield><subfield code='b'>G616 1999</subfield></datafield><datafield ind1='0' ind2=' ' tag='130'><subfield code='a'>Sicilianische Märchen.</subfield><subfield code='l'>Italian.</subfield></datafield><datafield ind1='1' ind2='0' tag='245'><subfield code='a'>Fiabe siciliane /</subfield><subfield code='c'>[raccolte da] Laura Gonzenbach ; rilette da Vincenzo Consolo ; a cura di Luisa Rubini.</subfield></datafield><datafield ind1=' ' ind2=' ' tag='260'><subfield code='a'>Roma :</subfield><subfield code='b'>Donzelli,</subfield><subfield code='c'>c1999.</subfield></datafield><datafield ind1=' ' ind2=' ' tag='300'><subfield code='a'>xxix, 576 p., 16 plates :</subfield><subfield code='b'>col. ill. ;</subfield><subfield code='c'>22 cm.</subfield></datafield><datafield ind1=' ' ind2=' ' tag='500'><subfield code='a'>Translation of: Sicilianische Märchen.</subfield></datafield><datafield ind1=' ' ind2=' ' tag='500'><subfield code='a'>First unabridged Italian translation.</subfield></datafield><datafield ind1=' ' ind2=' ' tag='504'><subfield code='a'>Includes bibliographical references.</subfield></datafield><datafield ind1=' ' ind2='0' tag='650'><subfield code='a'>Folklore</subfield><subfield code='z'>Italy</subfield><subfield code='z'>Sicily</subfield><subfield code='x'>Classification.</subfield></datafield><datafield ind1=' ' ind2='0' tag='650'><subfield code='a'>Folklore</subfield><subfield code='z'>Italy</subfield><subfield code='z'>Sicily</subfield></datafield><datafield ind1=' ' ind2='0' tag='650'><subfield code='a'>Tales</subfield><subfield code='z'>Italy</subfield><subfield code='z'>Sicily.</subfield></datafield><datafield ind1=' ' ind2='7' tag='655'><subfield code='a'>Classification</subfield><subfield code='2'>fast</subfield><subfield code='0'>(OCoLC)fst01697073</subfield></datafield><datafield ind1='1' ind2=' ' tag='700'><subfield code='a'>Gonzenbach, Laura,</subfield><subfield code='d'>1842-1878</subfield></datafield><datafield ind1='1' ind2=' ' tag='700'><subfield code='a'>Consolo, Vincenzo,</subfield><subfield code='d'>1933-2012</subfield></datafield><datafield ind1='1' ind2=' ' tag='700'><subfield code='a'>Messerli, Luisa Rubini</subfield></datafield><datafield ind1='0' ind2='8' tag='776'><subfield code='i'>Online version:</subfield><subfield code='a'>Gonzenbach, Laura, -1878.</subfield><subfield code='s'>Sicilianische Märchen. Italian.</subfield><subfield code='t'>Fiabe siciliane.</subfield><subfield code='d'>Roma : Donzelli, 1999</subfield><subfield code='w'>(OCoLC)606531766</subfield></datafield><datafield ind1='0' ind2='8' tag='776'><subfield code='i'>Online version:</subfield><subfield code='a'>Gonzenbach, Laura, -1878.</subfield><subfield code='s'>Sicilianische Märchen. Italian.</subfield><subfield code='t'>Fiabe siciliane.</subfield><subfield code='d'>Roma : Donzelli, 1999</subfield><subfield code='w'>(OCoLC)607859234</subfield></datafield><datafield ind1='1' ind2=' ' tag='583'><subfield code='a'>committed to retain</subfield><subfield code='c'>20181001</subfield><subfield code='d'>in perpetuity</subfield><subfield code='f'>ReCAP Shared Collection</subfield><subfield code='5'>HUL</subfield><subfield code='8'>222063482480003941</subfield></datafield><datafield ind1='1' ind2=' ' tag='583'><subfield code='a'>committed to retain</subfield><subfield code='c'>20170930</subfield><subfield code='d'>20421231</subfield><subfield code='f'>HathiTrust</subfield><subfield code='5'>HUL</subfield><subfield code='8'>222063482480003941</subfield></datafield><datafield ind1=' ' ind2=' ' tag='901'><subfield code='a'>1d61fda5-2fa1-4145-9c5b-aee57c40c97a</subfield><subfield code='b'>25</subfield><subfield code='c'>false</subfield></datafield><datafield ind1='0' ind2=' ' tag='852'><subfield code='c'>HD</subfield><subfield code='h'>GR177.S5</subfield><subfield code='i'>G616 1999</subfield><subfield code='0'>12298479</subfield><subfield code='b'>scsbhl</subfield></datafield><datafield ind1=' ' ind2=' ' tag='876'><subfield code='0'>12298479</subfield><subfield code='a'>18069707</subfield><subfield code='h'> </subfield><subfield code='j'>Available</subfield><subfield code='k'>WID</subfield><subfield code='p'>32044082905340</subfield><subfield code='x'>Shared</subfield><subfield code='z'>HW</subfield><subfield code='l'>HD</subfield></datafield></record>