
<record><leader>01044nam a2200265I  4500</leader><controlfield tag='001'>SCSB-10704044</controlfield><controlfield tag='005'>20020606163548.3</controlfield><controlfield tag='008'>800922s1902    gw            000 0 ger  </controlfield><controlfield tag='009'>990064876890203941</controlfield><datafield ind1=' ' ind2=' ' tag='010'><subfield code='a'>^^^03014842^</subfield></datafield><datafield ind1=' ' ind2=' ' tag='035'><subfield code='a'>(OCoLC)6737551</subfield></datafield><datafield ind1=' ' ind2=' ' tag='040'><subfield code='a'>DLC</subfield><subfield code='c'>CLE</subfield><subfield code='d'>HLS</subfield></datafield><datafield ind1=' ' ind2=' ' tag='043'><subfield code='a'>e-it---</subfield></datafield><datafield ind1=' ' ind2=' ' tag='050'><subfield code='a'>DG864</subfield><subfield code='b'>.R9</subfield></datafield><datafield ind1='1' ind2=' ' tag='100'><subfield code='a'>Rumpelt, Alexander,</subfield><subfield code='d'>1864-</subfield></datafield><datafield ind1='0' ind2='0' tag='245'><subfield code='a'>Sicilien und die Sicilianer,</subfield><subfield code='c'>von Dr. Alexander Rumpelt.</subfield></datafield><datafield ind1=' ' ind2=' ' tag='250'><subfield code='a'>2. aufl.</subfield></datafield><datafield ind1=' ' ind2=' ' tag='260'><subfield code='a'>Berlin,</subfield><subfield code='b'>Allgemeiner verein für deutsche litteratur,</subfield><subfield code='c'>1902.</subfield></datafield><datafield ind1=' ' ind2=' ' tag='300'><subfield code='a'>3 p. ℓ., 334 p.</subfield><subfield code='c'>22 cm.</subfield></datafield><datafield ind1=' ' ind2=' ' tag='340'><subfield code='m'>8vo.</subfield><subfield code='2'>rdabf</subfield></datafield><datafield ind1='0' ind2=' ' tag='505'><subfield code='a'>Land und leute.--In sicilianischen städten.--Sicilianische landwirtschaft.--Glauben und aberglauben.--Die Mafia.--Im schwefelbergwerk.--Im findelhause.--Eine teufelsaustreibung.--Taormina.--Castrogiovanni-Enna.--Syrakus.--Rund um den Ätna.--Deutsche dichter in Sicilien.</subfield></datafield><datafield ind1=' ' ind2='0' tag='650'><subfield code='a'>Folklore</subfield><subfield code='z'>Italy</subfield><subfield code='z'>Sicily</subfield></datafield><datafield ind1=' ' ind2='0' tag='650'><subfield code='a'>Mafia</subfield></datafield><datafield ind1=' ' ind2='0' tag='651'><subfield code='a'>Sicily (Italy)</subfield><subfield code='x'>Description and travel</subfield></datafield><datafield ind1='0' ind2='8' tag='776'><subfield code='i'>Online version:</subfield><subfield code='a'>Rumpelt, Alexander, 1864-</subfield><subfield code='t'>Sicilien und die Sicilianer.</subfield><subfield code='b'>2. Aufl.</subfield><subfield code='d'>Berlin, Allgemeiner Verein für deutsche litteratur, 1902</subfield><subfield code='w'>(OCoLC)657141562</subfield></datafield><datafield ind1='1' ind2=' ' tag='583'><subfield code='a'>committed to retain</subfield><subfield code='c'>20181001</subfield><subfield code='d'>in perpetuity</subfield><subfield code='f'>ReCAP Shared Collection</subfield><subfield code='5'>HUL</subfield><subfield code='8'>221991940500003941</subfield></datafield><datafield ind1='1' ind2=' ' tag='583'><subfield code='a'>committed to retain</subfield><subfield code='c'>20170930</subfield><subfield code='d'>20421231</subfield><subfield code='f'>HathiTrust</subfield><subfield code='5'>HUL</subfield><subfield code='8'>221991940500003941</subfield></datafield><datafield ind1='7' ind2=' ' tag='852'><subfield code='2'>ZHCL</subfield><subfield code='c'>HD</subfield><subfield code='h'>Ital 5036.5</subfield><subfield code='0'>11491252</subfield><subfield code='b'>scsbhl</subfield></datafield><datafield ind1=' ' ind2=' ' tag='876'><subfield code='0'>11491252</subfield><subfield code='a'>17231442</subfield><subfield code='h'> </subfield><subfield code='j'>Available</subfield><subfield code='k'>WID</subfield><subfield code='p'>HNJRJ6</subfield><subfield code='x'>Shared</subfield><subfield code='z'>HW</subfield><subfield code='l'>HD</subfield></datafield></record>