
<record><leader>00877nam a2200253 a 4500</leader><controlfield tag='001'>SCSB-11698485</controlfield><controlfield tag='005'>20050319123501.0</controlfield><controlfield tag='008'>820524m19809999nyu      b    00010 eng  </controlfield><controlfield tag='009'>990010308480203941</controlfield><datafield ind1=' ' ind2=' ' tag='010'><subfield code='a'>^^^79055866^</subfield></datafield><datafield ind1=' ' ind2=' ' tag='020'><subfield code='a'>0935830014 (pbk. : v. 1)</subfield></datafield><datafield ind1=' ' ind2=' ' tag='035'><subfield code='a'>(OCoLC)6208124</subfield><subfield code='z'>(OCoLC)908967519</subfield></datafield><datafield ind1=' ' ind2=' ' tag='040'><subfield code='a'>DLC</subfield><subfield code='c'>DLC</subfield></datafield><datafield ind1=' ' ind2=' ' tag='043'><subfield code='a'>mm-----</subfield></datafield><datafield ind1='0' ind2=' ' tag='050'><subfield code='a'>DF552</subfield><subfield code='b'>.T7</subfield></datafield><datafield ind1='1' ind2=' ' tag='100'><subfield code='a'>Tsirpanlis, Constantine N.</subfield></datafield><datafield ind1='0' ind2='0' tag='245'><subfield code='a'>Studies in Byzantine history &amp; modern Greek folklore /</subfield><subfield code='c'>by Constantine N. Tsirpanlis.</subfield></datafield><datafield ind1='3' ind2=' ' tag='246'><subfield code='a'>Studies in Byzantine history and modern Greek folklore.</subfield></datafield><datafield ind1=' ' ind2=' ' tag='260'><subfield code='a'>Ulster Park, N.Y. :</subfield><subfield code='b'>EO Press :</subfield><subfield code='b'>Distributed by C.N. Tsirpanlis,</subfield><subfield code='c'>1980- c1979-</subfield></datafield><datafield ind1=' ' ind2=' ' tag='300'><subfield code='a'>v. ;</subfield><subfield code='c'>23 cm.</subfield></datafield><datafield ind1='1' ind2=' ' tag='490'><subfield code='a'>Monograph series in Orthodox theology and civilization ;</subfield><subfield code='v'>no. 4</subfield></datafield><datafield ind1=' ' ind2=' ' tag='504'><subfield code='a'>Includes bibliographical references.</subfield></datafield><datafield ind1='0' ind2=' ' tag='505'><subfield code='a'>Vol. 1: -- John Lydos on the imperial administration -- Byzantine parliaments and representative assemblies from 1081 to 1351 -- Byzantine reactions to the coronation of Charlemagne (780-813) -- The imperial coronation and theory in &quot;De Cerimoniis Aulae Byzantinae&quot; of Constantine VIII Porphyrogennitus -- The involvement of Michael VIII Palaeologus in the Sicilian vespers (1279-1282) -- Acta S. Maximi -- Folkloric miscellanea and poems from Cos, Greece.</subfield></datafield><datafield ind1=' ' ind2='0' tag='651'><subfield code='a'>Byzantine Empire</subfield><subfield code='x'>History</subfield></datafield><datafield ind1=' ' ind2='7' tag='655'><subfield code='a'>History</subfield><subfield code='2'>fast</subfield></datafield><datafield ind1='0' ind2='8' tag='776'><subfield code='i'>Online version:</subfield><subfield code='a'>Tsirpanlis, Constantine N.</subfield><subfield code='t'>Studies in Byzantine history &amp; modern Greek folklore.</subfield><subfield code='d'>Ulster Park, N.Y. : EO Press : Distributed by C.N. Tsirpanlis, 1980- c1979-</subfield><subfield code='w'>(OCoLC)694003692</subfield></datafield><datafield ind1=' ' ind2='0' tag='830'><subfield code='a'>Monograph series in Orthodox theology and civilization ;</subfield><subfield code='v'>no. 4.</subfield></datafield><datafield ind1='1' ind2=' ' tag='583'><subfield code='a'>committed to retain</subfield><subfield code='c'>20181001</subfield><subfield code='d'>in perpetuity</subfield><subfield code='f'>ReCAP Shared Collection</subfield><subfield code='5'>HUL</subfield><subfield code='8'>221782381640003941</subfield></datafield><datafield ind1=' ' ind2='0' tag='966'><subfield code='8'>0</subfield><subfield code='a'>v. 1</subfield><subfield code='8'>221782381640003941</subfield></datafield><datafield ind1='0' ind2=' ' tag='852'><subfield code='c'>HD</subfield><subfield code='h'>DF552</subfield><subfield code='i'>.T7</subfield><subfield code='0'>12514901</subfield><subfield code='b'>scsbhl</subfield></datafield><datafield ind1=' ' ind2=' ' tag='876'><subfield code='0'>12514901</subfield><subfield code='3'>vol. 1</subfield><subfield code='a'>18294513</subfield><subfield code='h'> </subfield><subfield code='j'>Available</subfield><subfield code='k'>WID</subfield><subfield code='p'>32044099131682</subfield><subfield code='x'>Shared</subfield><subfield code='z'>HW</subfield><subfield code='l'>HD</subfield></datafield></record>