
<record><leader>00743nam a2200253u  4500</leader><controlfield tag='001'>SCSB-11394953</controlfield><controlfield tag='005'>20020606095253.2</controlfield><controlfield tag='008'>930917s1910    fr            000 0 fre d</controlfield><controlfield tag='009'>990049935730203941</controlfield><datafield ind1=' ' ind2=' ' tag='035'><subfield code='a'>(OCoLC)28842669</subfield></datafield><datafield ind1=' ' ind2=' ' tag='040'><subfield code='a'>CUY</subfield><subfield code='c'>CUY</subfield><subfield code='d'>HLS</subfield></datafield><datafield ind1=' ' ind2='4' tag='050'><subfield code='a'>DR570</subfield><subfield code='b'>.F8 1910</subfield></datafield><datafield ind1=' ' ind2=' ' tag='090'><subfield code='a'>DR570</subfield><subfield code='b'>.F8 1910</subfield></datafield><datafield ind1='1' ind2=' ' tag='100'><subfield code='a'>Fua, Albert.</subfield></datafield><datafield ind1='0' ind2='0' tag='245'><subfield code='a'>Abdul-Hamid II et Mourad V;</subfield><subfield code='b'>masque de fer.</subfield></datafield><datafield ind1=' ' ind2=' ' tag='250'><subfield code='a'>2. éd.</subfield></datafield><datafield ind1=' ' ind2=' ' tag='260'><subfield code='a'>Paris,</subfield><subfield code='b'>A. Michalon,</subfield><subfield code='c'>1910.</subfield></datafield><datafield ind1=' ' ind2=' ' tag='300'><subfield code='a'>76 p.</subfield></datafield><datafield ind1='1' ind2=' ' tag='490'><subfield code='a'>Pages d&apos;histoire</subfield></datafield><datafield ind1='0' ind2='0' tag='600'><subfield code='a'>Murad</subfield><subfield code='b'>V,</subfield><subfield code='c'>Sultan of the Turks,</subfield><subfield code='d'>1840-1905</subfield></datafield><datafield ind1='0' ind2='0' tag='600'><subfield code='a'>Abdülhamid</subfield><subfield code='b'>II,</subfield><subfield code='c'>Sultan of the Turks,</subfield><subfield code='d'>1842-1918</subfield></datafield><datafield ind1='0' ind2='8' tag='776'><subfield code='i'>Online version:</subfield><subfield code='a'>Fua, Albert.</subfield><subfield code='t'>Abdul-Hamid II et Mourad V.</subfield><subfield code='b'>2. éd.</subfield><subfield code='d'>Paris, A. Michalon, 1910</subfield><subfield code='w'>(OCoLC)609450520</subfield></datafield><datafield ind1=' ' ind2='0' tag='830'><subfield code='a'>Pages d&apos;histoire (Michalon (Firm))</subfield></datafield><datafield ind1='1' ind2=' ' tag='583'><subfield code='a'>committed to retain</subfield><subfield code='c'>20181001</subfield><subfield code='d'>in perpetuity</subfield><subfield code='f'>ReCAP Shared Collection</subfield><subfield code='5'>HUL</subfield><subfield code='8'>221942821300003941</subfield></datafield><datafield ind1='1' ind2=' ' tag='583'><subfield code='a'>committed to retain</subfield><subfield code='c'>20170930</subfield><subfield code='d'>20421231</subfield><subfield code='f'>HathiTrust</subfield><subfield code='5'>HUL</subfield><subfield code='8'>221942821300003941</subfield></datafield><datafield ind1='7' ind2=' ' tag='852'><subfield code='2'>ZHCL</subfield><subfield code='c'>HD</subfield><subfield code='h'>Ott 540.2</subfield><subfield code='0'>12202519</subfield><subfield code='b'>scsbhl</subfield></datafield><datafield ind1=' ' ind2=' ' tag='876'><subfield code='0'>12202519</subfield><subfield code='a'>17970222</subfield><subfield code='h'> </subfield><subfield code='j'>Available</subfield><subfield code='k'>WID</subfield><subfield code='p'>HNXRPU</subfield><subfield code='x'>Shared</subfield><subfield code='z'>HW</subfield><subfield code='l'>HD</subfield></datafield></record>