
<record><leader>00632nam a2200181u  4500</leader><controlfield tag='001'>SCSB-11452500</controlfield><controlfield tag='005'>20070723144603.0</controlfield><controlfield tag='008'>960711s1906    gw            000 0 ger d</controlfield><controlfield tag='009'>990069493750203941</controlfield><datafield ind1=' ' ind2=' ' tag='035'><subfield code='a'>(OCoLC)235958104</subfield></datafield><datafield ind1=' ' ind2=' ' tag='040'><subfield code='a'>HLS</subfield><subfield code='c'>HLS</subfield></datafield><datafield ind1='1' ind2=' ' tag='100'><subfield code='a'>Stern, Bernhard,</subfield><subfield code='d'>1867-1927.</subfield></datafield><datafield ind1='1' ind2='4' tag='245'><subfield code='a'>Der Sultan [Abdul Hamid II] und seine Politik;</subfield><subfield code='b'>Erinnerungen und Beobachtungen eines Journalisten.</subfield></datafield><datafield ind1=' ' ind2=' ' tag='260'><subfield code='a'>Leipzig,</subfield><subfield code='b'>Verlag von B. Elischer Nachfolger,</subfield><subfield code='c'>[1906].</subfield></datafield><datafield ind1=' ' ind2=' ' tag='300'><subfield code='a'>p.</subfield><subfield code='c'>21 cm.</subfield></datafield><datafield ind1='0' ind2='0' tag='600'><subfield code='a'>Abdülhamid</subfield><subfield code='b'>II,</subfield><subfield code='c'>Sultan of the Turks,</subfield><subfield code='d'>1842-1918</subfield></datafield><datafield ind1=' ' ind2='9' tag='691'><subfield code='a'>Turkey</subfield><subfield code='x'>History</subfield><subfield code='y'>1878-1908.</subfield><subfield code='5'>wid</subfield></datafield><datafield ind1='0' ind2='8' tag='776'><subfield code='i'>Online version:</subfield><subfield code='a'>Stern, Bernhard, 1867-1927.</subfield><subfield code='t'>Sultan [Abdul Hamid II] und seine Politik.</subfield><subfield code='d'>Leipzig, Verlag von B. Elischer Nachfolger, [1906]</subfield><subfield code='w'>(OCoLC)894535932</subfield></datafield><datafield ind1='1' ind2=' ' tag='583'><subfield code='a'>committed to retain</subfield><subfield code='c'>20181001</subfield><subfield code='d'>in perpetuity</subfield><subfield code='f'>ReCAP Shared Collection</subfield><subfield code='5'>HUL</subfield><subfield code='8'>222002713150003941</subfield></datafield><datafield ind1='7' ind2=' ' tag='852'><subfield code='2'>ZHCL</subfield><subfield code='c'>HD</subfield><subfield code='h'>Ott 540.13.5</subfield><subfield code='0'>12261784</subfield><subfield code='b'>scsbhl</subfield></datafield><datafield ind1=' ' ind2=' ' tag='876'><subfield code='0'>12261784</subfield><subfield code='a'>18031824</subfield><subfield code='h'> </subfield><subfield code='j'>Available</subfield><subfield code='k'>WID</subfield><subfield code='p'>HNXRPX</subfield><subfield code='x'>Shared</subfield><subfield code='z'>HW</subfield><subfield code='l'>HD</subfield></datafield></record>