
<record><leader>00847cam a2200265u  4500</leader><controlfield tag='001'>SCSB-4946951</controlfield><controlfield tag='003'>NNC</controlfield><controlfield tag='005'>20221103014733.0</controlfield><controlfield tag='008'>860612s1895    nyu           000 0 eng d</controlfield><controlfield tag='009'>4666464</controlfield><datafield ind1=' ' ind2=' ' tag='035'><subfield code='a'>(OCoLC)ocm13725570</subfield></datafield><datafield ind1=' ' ind2=' ' tag='035'><subfield code='9'>EISI347652</subfield></datafield><datafield ind1=' ' ind2=' ' tag='035'><subfield code='a'>(NNC)4666464</subfield></datafield><datafield ind1=' ' ind2=' ' tag='035'><subfield code='a'>4666464</subfield></datafield><datafield ind1=' ' ind2=' ' tag='040'><subfield code='a'>CLU</subfield><subfield code='c'>CLU</subfield></datafield><datafield ind1=' ' ind2=' ' tag='043'><subfield code='a'>a-tu---</subfield></datafield><datafield ind1=' ' ind2=' ' tag='098'><subfield code='a'>MP33</subfield><subfield code='b'>F43</subfield></datafield><datafield ind1='0' ind2='2' tag='245'><subfield code='a'>A few facts about Turkey under the reign of Abdul Hamid II /</subfield><subfield code='c'>by an American observer.</subfield></datafield><datafield ind1=' ' ind2=' ' tag='260'><subfield code='a'>New York,</subfield><subfield code='c'>1895.</subfield></datafield><datafield ind1=' ' ind2=' ' tag='300'><subfield code='a'>67 pages</subfield></datafield><datafield ind1=' ' ind2=' ' tag='336'><subfield code='a'>text</subfield><subfield code='b'>txt</subfield><subfield code='2'>rdacontent</subfield></datafield><datafield ind1=' ' ind2=' ' tag='337'><subfield code='a'>unmediated</subfield><subfield code='b'>n</subfield><subfield code='2'>rdamedia</subfield></datafield><datafield ind1='0' ind2='0' tag='600'><subfield code='a'>Abdülhamid</subfield><subfield code='b'>II,</subfield><subfield code='c'>Sultan of the Turks,</subfield><subfield code='d'>1842-1918.</subfield><subfield code='0'>http://id.loc.gov/authorities/names/n50035365</subfield></datafield><datafield ind1=' ' ind2='0' tag='651'><subfield code='a'>Turkey</subfield><subfield code='x'>History</subfield><subfield code='y'>1878-1909.</subfield><subfield code='0'>http://id.loc.gov/authorities/subjects/sh85138826</subfield></datafield><datafield ind1='0' ind2=' ' tag='700'><subfield code='a'>An American observer.</subfield></datafield><datafield ind1=' ' ind2=' ' tag='901'><subfield code='a'>af2c7e40-defd-4071-8caf-8e6c16676595</subfield><subfield code='b'>9</subfield><subfield code='c'>false</subfield></datafield><datafield ind1='8' ind2='0' tag='852'><subfield code='h'>MP33 F43</subfield><subfield code='0'>4959342</subfield><subfield code='b'>scsbcul</subfield></datafield><datafield ind1=' ' ind2=' ' tag='876'><subfield code='0'>4959342</subfield><subfield code='a'>7468222</subfield><subfield code='h'> </subfield><subfield code='j'>Available</subfield><subfield code='p'>CR60011351</subfield><subfield code='t'>1</subfield><subfield code='x'>Shared</subfield><subfield code='z'>CR</subfield><subfield code='l'>RECAP</subfield></datafield></record>