
<record><leader>00549nam a2200181u  4500</leader><controlfield tag='001'>SCSB-11944394</controlfield><controlfield tag='005'>20020606095253.2</controlfield><controlfield tag='008'>950126s1901    sw            000 0 swe d</controlfield><controlfield tag='009'>990052286890203941</controlfield><datafield ind1=' ' ind2=' ' tag='035'><subfield code='a'>(OCoLC)82986033</subfield></datafield><datafield ind1=' ' ind2=' ' tag='040'><subfield code='a'>HLS</subfield><subfield code='c'>HLS</subfield></datafield><datafield ind1='1' ind2=' ' tag='100'><subfield code='a'>Dorys, Georges,</subfield><subfield code='c'>pseud.</subfield></datafield><datafield ind1='1' ind2='0' tag='245'><subfield code='a'>Abdul-Hamid i privatlifvet;</subfield><subfield code='b'>öfversättning.</subfield></datafield><datafield ind1=' ' ind2=' ' tag='250'><subfield code='a'>2a uppl.</subfield></datafield><datafield ind1=' ' ind2=' ' tag='260'><subfield code='a'>Stockholm,</subfield><subfield code='b'>Wahlström &amp; Widstrand,</subfield><subfield code='c'>[1901].</subfield></datafield><datafield ind1=' ' ind2=' ' tag='300'><subfield code='a'>pp. (4), 168.</subfield></datafield><datafield ind1='0' ind2='0' tag='600'><subfield code='a'>Abdülhamid</subfield><subfield code='b'>II,</subfield><subfield code='c'>Sultan of the Turks,</subfield><subfield code='d'>1842-1918</subfield></datafield><datafield ind1='0' ind2='8' tag='776'><subfield code='i'>Online version:</subfield><subfield code='a'>Dorys, Georges, pseud.</subfield><subfield code='t'>Abdul-Hamid i privatlifvet.</subfield><subfield code='b'>2a uppl.</subfield><subfield code='d'>Stockholm, Wahlström &amp; Widstrand, [1901]</subfield><subfield code='w'>(OCoLC)894535748</subfield></datafield><datafield ind1='1' ind2=' ' tag='583'><subfield code='a'>committed to retain</subfield><subfield code='c'>20181001</subfield><subfield code='d'>in perpetuity</subfield><subfield code='f'>ReCAP Shared Collection</subfield><subfield code='5'>HUL</subfield><subfield code='8'>221941315000003941</subfield></datafield><datafield ind1='7' ind2=' ' tag='852'><subfield code='2'>ZHCL</subfield><subfield code='c'>HD</subfield><subfield code='h'>Ott 540.4</subfield><subfield code='0'>12768139</subfield><subfield code='b'>scsbhl</subfield></datafield><datafield ind1=' ' ind2=' ' tag='876'><subfield code='0'>12768139</subfield><subfield code='a'>18557914</subfield><subfield code='h'> </subfield><subfield code='j'>Available</subfield><subfield code='k'>WID</subfield><subfield code='p'>HNXRPV</subfield><subfield code='x'>Shared</subfield><subfield code='z'>HW</subfield><subfield code='l'>HD</subfield></datafield></record>