
<record><leader>00689nam a22002298a 4500</leader><controlfield tag='001'>SCSB-10543996</controlfield><controlfield tag='005'>20081014162140.0</controlfield><controlfield tag='008'>020415s2002    enkb     b    001|0beng  </controlfield><controlfield tag='009'>990088869670203941</controlfield><datafield ind1=' ' ind2=' ' tag='015'><subfield code='a'>GBA1-V0053</subfield></datafield><datafield ind1=' ' ind2=' ' tag='020'><subfield code='a'>1842125117</subfield></datafield><datafield ind1=' ' ind2=' ' tag='035'><subfield code='a'>(OCoLC)48195454</subfield></datafield><datafield ind1=' ' ind2=' ' tag='040'><subfield code='a'>UKM</subfield><subfield code='c'>UKM</subfield></datafield><datafield ind1=' ' ind2=' ' tag='043'><subfield code='a'>e-ur---</subfield></datafield><datafield ind1='0' ind2='0' tag='050'><subfield code='a'>DK171</subfield><subfield code='b'>.D45 1981b</subfield></datafield><datafield ind1=' ' ind2='4' tag='050'><subfield code='a'>DK171</subfield><subfield code='b'>.D45 2002</subfield></datafield><datafield ind1='0' ind2='4' tag='082'><subfield code='a'>947.063092</subfield><subfield code='2'>21</subfield></datafield><datafield ind1='1' ind2=' ' tag='100'><subfield code='a'>Madariaga, Isabel de,</subfield><subfield code='d'>1919-</subfield></datafield><datafield ind1='1' ind2='0' tag='245'><subfield code='a'>Russia in the age of Catherine the Great /</subfield><subfield code='c'>Isabel De Madariaga.</subfield></datafield><datafield ind1=' ' ind2=' ' tag='260'><subfield code='a'>London :</subfield><subfield code='b'>Phoenix,</subfield><subfield code='c'>2002.</subfield></datafield><datafield ind1=' ' ind2=' ' tag='300'><subfield code='a'>702 p. :</subfield><subfield code='b'>maps ;</subfield><subfield code='c'>24 cm.</subfield></datafield><datafield ind1=' ' ind2=' ' tag='504'><subfield code='a'>Includes bibliographical references and index.</subfield></datafield><datafield ind1='0' ind2=' ' tag='505'><subfield code='a'>Part I: The New Ruler and the New Government. 1. Catherine&apos;s Coup d&apos; etat -- 2. The Reform of the Central Government Institutions -- 3. Local Administration and the Procuracy -- 4. The Baltic Provinces and Little Russia -- Part II: The Estates. 5. The Nobility -- 6. The Towns, the Peasants and the Land -- 7. The Orthodox Church -- 8. Industrial and Agrarian Unrest: Repression and Reform in the 1760s -- Part III: The National Dialogue. 9. The Legislative Commission of 1767 -- 10. The Great Instruction -- 11. The Great Debate -- Part IV: Foreign Policy: Poland and the Ottoman Empire. 12. Foreign Policy: From Peace to War -- 13. The First Turkish War -- 14. The Impact of the War on Russian Foreign Policy -- 15. From the Partition of Poland to the Peace of Kuchuk Kainardzhi --</subfield></datafield><datafield ind1='0' ind2=' ' tag='505'><subfield code='a'>Part V: The Internal Crisis of 1773-4. 16. The Revolt of the Cossacks and the Peasant War -- 17. The Court Crisis of 1773-4 and the Restoration of Order -- Part VI: The Reforming Decade. 18. The Reform of Local Administration in 1775 -- 19. The Reforms of the 1780s -- 20. The Integration of Little Russia and Livonia into the Russian Empire -- Part VII: Court Politics. 21. Court and Culture -- 22. Favouritism -- 23. The Viceroy of the South -- Part VIII: The Porte, Poland and the French Revolution -- 24. Between the Wars: Foreign Policy in the 1780s -- 25. The Second Turkish War -- 26. The Peace of Reichenbach, the Ochakov Crisis and the End of the Turkish War -- 27. The Second Partition of Poland -- 28. Finis Poloniae -- Part IX: Domestic Problems. 29. Agriculture and Industry -- 30. Trade and Finance -- 31. The Foundation of the Russian Educational System -- 32. Catherine&apos;s Religious Policy -- Part X: The Declining Years. 33. The Role of Freemasonry -- 34. The Birth of the Intelligentsia -- 35. Social and Economic Changes 1775-96.</subfield></datafield><datafield ind1=' ' ind2=' ' tag='520'><subfield code='a'>So highly colored was Catherine&apos;s private life that it has often distracted attention from her remarkable professional statecraft. Dr. de Madariaga, the doyenne of Catherine the Great scholars in the West, redresses the balance in this authoritative and substantial account of Catherine&apos;s personality, her politics and the nature of the Russia she ruled.</subfield></datafield><datafield ind1='0' ind2='0' tag='600'><subfield code='a'>Catherine</subfield><subfield code='b'>II,</subfield><subfield code='c'>Empress of Russia,</subfield><subfield code='d'>1729-1796</subfield></datafield><datafield ind1=' ' ind2='0' tag='650'><subfield code='a'>Empresses</subfield><subfield code='z'>Russia</subfield><subfield code='v'>Biography</subfield></datafield><datafield ind1=' ' ind2='0' tag='651'><subfield code='a'>Russia</subfield><subfield code='x'>History</subfield><subfield code='y'>Catherine II, 1762-1796</subfield></datafield><datafield ind1=' ' ind2='7' tag='655'><subfield code='a'>Biographies</subfield><subfield code='2'>fast</subfield></datafield><datafield ind1=' ' ind2='7' tag='648'><subfield code='a'>1762-1796</subfield><subfield code='2'>fast</subfield></datafield><datafield ind1='1' ind2=' ' tag='583'><subfield code='a'>committed to retain</subfield><subfield code='c'>20181001</subfield><subfield code='d'>in perpetuity</subfield><subfield code='f'>ReCAP Shared Collection</subfield><subfield code='5'>HUL</subfield><subfield code='8'>222078991880003941</subfield></datafield><datafield ind1='0' ind2=' ' tag='852'><subfield code='c'>HD</subfield><subfield code='h'>DK171</subfield><subfield code='i'>.D45 1981b</subfield><subfield code='0'>11326566</subfield><subfield code='b'>scsbhl</subfield></datafield><datafield ind1=' ' ind2=' ' tag='876'><subfield code='0'>11326566</subfield><subfield code='a'>17060121</subfield><subfield code='h'> </subfield><subfield code='j'>Not Available</subfield><subfield code='k'>WID</subfield><subfield code='p'>HXLPSZ</subfield><subfield code='x'>Shared</subfield><subfield code='z'>HW</subfield><subfield code='l'>HD</subfield></datafield></record>