
<record><leader>04063cam a2200565 i 4500</leader><controlfield tag='001'>SCSB-14753464</controlfield><controlfield tag='003'>NNC</controlfield><controlfield tag='005'>20240627000415.0</controlfield><controlfield tag='008'>230528t20232023caua     b    000 0 eng d</controlfield><controlfield tag='009'>17858910</controlfield><datafield ind1=' ' ind2=' ' tag='020'><subfield code='a'>9798986781204</subfield></datafield><datafield ind1=' ' ind2=' ' tag='035'><subfield code='a'>(OCoLC)1380459519</subfield></datafield><datafield ind1=' ' ind2=' ' tag='035'><subfield code='a'>(OCoLC)on1380459519</subfield></datafield><datafield ind1=' ' ind2=' ' tag='035'><subfield code='a'>(NNC)17858910</subfield></datafield><datafield ind1=' ' ind2=' ' tag='035'><subfield code='a'>17858910</subfield></datafield><datafield ind1=' ' ind2=' ' tag='040'><subfield code='a'>YDX</subfield><subfield code='b'>eng</subfield><subfield code='e'>rda</subfield><subfield code='c'>YDX</subfield><subfield code='d'>ILO</subfield><subfield code='d'>OCLCO</subfield><subfield code='d'>MMX</subfield><subfield code='d'>YDX</subfield><subfield code='d'>OCLCO</subfield><subfield code='d'>BDX</subfield><subfield code='d'>UVV</subfield><subfield code='d'>GH1</subfield><subfield code='d'>TEU</subfield></datafield><datafield ind1=' ' ind2=' ' tag='043'><subfield code='a'>s-cl---</subfield></datafield><datafield ind1=' ' ind2='4' tag='050'><subfield code='a'>N6669.V477</subfield><subfield code='b'>A4 2023</subfield></datafield><datafield ind1='1' ind2=' ' tag='100'><subfield code='a'>Vicuña, Cecilia,</subfield><subfield code='e'>artist.</subfield><subfield code='4'>http://id.loc.gov/vocabulary/relators/art</subfield><subfield code='0'>http://id.loc.gov/authorities/names/n85130340</subfield></datafield><datafield ind1='1' ind2='0' tag='245'><subfield code='a'>Cecilia Vicuña :</subfield><subfield code='b'>word weapons /</subfield><subfield code='c'>editors: Jeanne Gerrity and Anthony Huberman.</subfield></datafield><datafield ind1='3' ind2='0' tag='246'><subfield code='a'>Word weapons</subfield></datafield><datafield ind1=' ' ind2='1' tag='264'><subfield code='a'>[San Francisco, California] :</subfield><subfield code='b'>The Wattis Institute :</subfield><subfield code='b'>RITE Editions,</subfield><subfield code='c'>[2023]</subfield></datafield><datafield ind1=' ' ind2='2' tag='264'><subfield code='a'>New York, New York :</subfield><subfield code='b'>Distributed by ARTBOOK/D.A.P.</subfield></datafield><datafield ind1=' ' ind2='4' tag='264'><subfield code='c'>©2023</subfield></datafield><datafield ind1=' ' ind2=' ' tag='300'><subfield code='a'>151 pages :</subfield><subfield code='b'>illustrations ;</subfield><subfield code='c'>21 x 26 cm</subfield></datafield><datafield ind1=' ' ind2=' ' tag='336'><subfield code='a'>text</subfield><subfield code='b'>txt</subfield><subfield code='2'>rdacontent</subfield></datafield><datafield ind1=' ' ind2=' ' tag='336'><subfield code='a'>still image</subfield><subfield code='b'>sti</subfield><subfield code='2'>rdacontent</subfield></datafield><datafield ind1=' ' ind2=' ' tag='337'><subfield code='a'>unmediated</subfield><subfield code='b'>n</subfield><subfield code='2'>rdamedia</subfield></datafield><datafield ind1=' ' ind2=' ' tag='338'><subfield code='a'>volume</subfield><subfield code='b'>nc</subfield><subfield code='2'>rdacarrier</subfield></datafield><datafield ind1=' ' ind2=' ' tag='504'><subfield code='a'>Includes bibliographical references (page 148)</subfield></datafield><datafield ind1=' ' ind2=' ' tag='500'><subfield code='a'>Published in conjunction with &quot;Season 7: Cecilia Vicuña is on our mind,&quot; a year-long season of private meetings and public events about and around the work of Cecilia Vicuña. The research season was produced by CCA Wattis Institute for Contemporary Arts, San Francisco, and took place from September 28, 2020 through August 1, 2021.</subfield></datafield><datafield ind1='0' ind2='0' tag='505'><subfield code='t'>Introduction /</subfield><subfield code='r'>Jeanne Gerrity --</subfield><subfield code='t'>To work words more /</subfield><subfield code='r'>Cecilia Vicuña --</subfield><subfield code='t'>Mobilizing words /</subfield><subfield code='r'>Mónica de la Torre --</subfield><subfield code='t'>Labor the word, spill the sound, unleash the tongue /</subfield><subfield code='r'>Carla Macchiavello Cornejo --</subfield><subfield code='t'>&amp; language --</subfield><subfield code='t'>Rasa, or knowledge of the self: essays on Indian Aesthetics and selected Sanskrit studies (excerpt) /</subfield><subfield code='r'>René Daumal --</subfield><subfield code='t'>The sacred language: the play on words in Andean cosmology (excerpt) /</subfield><subfield code='r'>Robert Randall --</subfield><subfield code='t'>Social virtues and illuminations /</subfield><subfield code='r'>Simón Rodríguez</subfield></datafield><datafield ind1=' ' ind2=' ' tag='520'><subfield code='a'>This book brings together the Palabrarmas series by the artist, poet, and activist Cecilia Vicuña (b. 1948, Santiago, Chile). A neologism that translates to &quot;word weapons&quot; or &quot;word arms,&quot; Palabrarmas imagine new ways of seeing language. By taking the form of collages, silkscreens, drawings, poems, fabric banners, cut-outs, mixed media installations, and street actions, Vicuña brings together many aspects of her practice in poetry, activism, and visual art, allowing new meanings to emerge. This book presents a range of palabrarmas, created over the past four decades, in color for the first time. -- Provided by the publisher.</subfield></datafield><datafield ind1='1' ind2='0' tag='600'><subfield code='a'>Vicuña, Cecilia</subfield><subfield code='x'>Criticism and interpretation.</subfield></datafield><datafield ind1=' ' ind2='0' tag='650'><subfield code='a'>Words in art.</subfield><subfield code='0'>http://id.loc.gov/authorities/subjects/sh85148125</subfield></datafield><datafield ind1=' ' ind2='0' tag='650'><subfield code='a'>Poets, Chilean</subfield><subfield code='y'>21st century.</subfield></datafield><datafield ind1=' ' ind2='0' tag='650'><subfield code='a'>Conceptual art.</subfield><subfield code='0'>http://id.loc.gov/authorities/subjects/sh85029624</subfield></datafield><datafield ind1=' ' ind2='0' tag='650'><subfield code='a'>Artists</subfield><subfield code='z'>Chile</subfield><subfield code='y'>21st century.</subfield></datafield><datafield ind1=' ' ind2='6' tag='650'><subfield code='a'>Poètes chiliens</subfield><subfield code='0'>(CaQQLa)000312399</subfield><subfield code='y'>21e siècle.</subfield><subfield code='0'>(CaQQLa)201-0373679</subfield></datafield><datafield ind1=' ' ind2='6' tag='650'><subfield code='a'>Mots dans l&apos;art.</subfield><subfield code='0'>(CaQQLa)201-0127386</subfield></datafield><datafield ind1='1' ind2='7' tag='600'><subfield code='a'>Vicuña, Cecilia.</subfield><subfield code='2'>fast</subfield><subfield code='0'>(OCoLC)fst00163557</subfield></datafield><datafield ind1=' ' ind2='7' tag='650'><subfield code='a'>Poets, Chilean.</subfield><subfield code='2'>fast</subfield><subfield code='0'>(OCoLC)fst01067850</subfield></datafield><datafield ind1=' ' ind2='7' tag='648'><subfield code='a'>2000-2099</subfield><subfield code='2'>fast</subfield></datafield><datafield ind1=' ' ind2='7' tag='655'><subfield code='a'>Criticism, interpretation, etc.</subfield><subfield code='2'>fast</subfield><subfield code='0'>(OCoLC)fst01411635</subfield></datafield><datafield ind1='1' ind2=' ' tag='700'><subfield code='a'>Gerrity, Jeanne,</subfield><subfield code='e'>editor.</subfield><subfield code='4'>http://id.loc.gov/vocabulary/relators/edt</subfield><subfield code='0'>http://id.loc.gov/authorities/names/no2023019961</subfield></datafield><datafield ind1='1' ind2=' ' tag='700'><subfield code='a'>Huberman, Anthony,</subfield><subfield code='e'>editor.</subfield><subfield code='4'>http://id.loc.gov/vocabulary/relators/edt</subfield><subfield code='0'>http://id.loc.gov/authorities/names/no2006103569</subfield></datafield><datafield ind1='1' ind2=' ' tag='700'><subfield code='a'>Vicuña, Cecilia.</subfield><subfield code='t'>Works.</subfield><subfield code='k'>Selections.</subfield><subfield code='0'>http://id.loc.gov/authorities/names/no2020092468</subfield></datafield><datafield ind1='2' ind2=' ' tag='710'><subfield code='a'>CCA Wattis Institute for Contemporary Arts,</subfield><subfield code='e'>organizer.</subfield><subfield code='4'>http://id.loc.gov/vocabulary/relators/orm</subfield><subfield code='0'>http://id.loc.gov/authorities/names/no2004050648</subfield></datafield><datafield ind1=' ' ind2=' ' tag='901'><subfield code='a'>1726d329-6e43-4b7c-a2df-2d1aecb15bdc</subfield><subfield code='b'>25</subfield><subfield code='c'>false</subfield></datafield><datafield ind1='0' ind2='0' tag='852'><subfield code='h'>N6669.V477 A4 2023g</subfield><subfield code='0'>15765821</subfield><subfield code='b'>scsbcul</subfield></datafield><datafield ind1=' ' ind2=' ' tag='876'><subfield code='0'>15765821</subfield><subfield code='a'>22409553</subfield><subfield code='h'>In Library Use</subfield><subfield code='j'>Available</subfield><subfield code='p'>AR03219100</subfield><subfield code='t'>1</subfield><subfield code='x'>Shared</subfield><subfield code='z'>AR</subfield><subfield code='l'>RECAP</subfield></datafield></record>