
<record><leader>00000cam  2200301 a 4500</leader><controlfield tag='001'>SCSB-7207467</controlfield><controlfield tag='003'>OCoLC</controlfield><controlfield tag='005'>20030303080139.3</controlfield><controlfield tag='008'>020627s2002    caua          000 p eng  cam a </controlfield><controlfield tag='009'>.b155753666</controlfield><datafield ind1='1' ind2=' ' tag='100'><subfield code='a'>Vicuña, Cecilia.</subfield></datafield><datafield ind1=' ' ind2=' ' tag='250'><subfield code='a'>1st ed.</subfield></datafield><datafield ind1=' ' ind2=' ' tag='020'><subfield code='a'>0932716504</subfield></datafield><datafield ind1=' ' ind2=' ' tag='020'><subfield code='a'>0932716601 (limited ed. with an original drawing)</subfield></datafield><datafield ind1=' ' ind2=' ' tag='010'><subfield code='a'>2002010041</subfield></datafield><datafield ind1=' ' ind2=' ' tag='260'><subfield code='a'>[Berkeley, Calif.] :</subfield><subfield code='b'>Kelsey St. Press,</subfield><subfield code='c'>c2002.</subfield></datafield><datafield ind1=' ' ind2=' ' tag='300'><subfield code='a'>1 v. (unpaged) :</subfield><subfield code='b'>ill. ;</subfield><subfield code='c'>23 cm.</subfield></datafield><datafield ind1='1' ind2='0' tag='245'><subfield code='a'>Instan /</subfield><subfield code='c'>Cecilia Vicuña.</subfield></datafield><datafield ind1=' ' ind2=' ' tag='040'><subfield code='a'>DLC</subfield><subfield code='c'>DLC</subfield><subfield code='d'>NYP</subfield><subfield code='d'>OCoLC</subfield></datafield><datafield ind1='0' ind2=' ' tag='041'><subfield code='a'>eng</subfield><subfield code='a'>spa</subfield></datafield><datafield ind1=' ' ind2=' ' tag='042'><subfield code='a'>pcc</subfield></datafield><datafield ind1=' ' ind2=' ' tag='049'><subfield code='a'>NYPG</subfield></datafield><datafield ind1='0' ind2='0' tag='050'><subfield code='a'>PQ8098.32.I35</subfield><subfield code='b'>I57 2002</subfield></datafield><datafield ind1='0' ind2='0' tag='908'><subfield code='a'>PQ8098.32.I35</subfield><subfield code='b'>I57 2002</subfield></datafield><datafield ind1='0' ind2='0' tag='082'><subfield code='a'>861/.64</subfield><subfield code='2'>21</subfield></datafield><datafield ind1=' ' ind2=' ' tag='946'><subfield code='a'>m</subfield></datafield><datafield ind1=' ' ind2=' ' tag='997'><subfield code='a'>hg</subfield><subfield code='b'>03-05-03</subfield><subfield code='c'>m</subfield><subfield code='d'>a</subfield><subfield code='e'>-</subfield><subfield code='f'>eng</subfield><subfield code='g'>cau</subfield><subfield code='h'>0</subfield></datafield><datafield ind1=' ' ind2=' ' tag='910'><subfield code='a'>RL</subfield></datafield><datafield ind1='0' ind2='0' tag='907'><subfield code='a'>.b155753666</subfield></datafield><datafield ind1=' ' ind2=' ' tag='035'><subfield code='a'>(OCoLC)50149499</subfield></datafield><datafield ind1='8' ind2=' ' tag='852'><subfield code='h'>JFD 03-3040</subfield><subfield code='0'>7302548</subfield><subfield code='b'>scsbnypl</subfield></datafield><datafield ind1=' ' ind2=' ' tag='876'><subfield code='0'>7302548</subfield><subfield code='a'>11913832</subfield><subfield code='j'>Available</subfield><subfield code='p'>33433032015707</subfield><subfield code='t'>1</subfield><subfield code='x'>Shared</subfield><subfield code='z'>NA</subfield><subfield code='l'>RECAP</subfield></datafield></record>