
<record><leader>00491nam a22001817a 4500</leader><controlfield tag='001'>SCSB-10543455</controlfield><controlfield tag='005'>20020606093309.7</controlfield><controlfield tag='008'>910715s1990||||cl |||| ||||||||||||spa| </controlfield><controlfield tag='009'>990023897650203941</controlfield><datafield ind1=' ' ind2=' ' tag='010'><subfield code='a'>^^^91888883^</subfield></datafield><datafield ind1=' ' ind2=' ' tag='035'><subfield code='a'>(OCoLC)24143379</subfield><subfield code='z'>(OCoLC)23242664</subfield></datafield><datafield ind1=' ' ind2=' ' tag='040'><subfield code='a'>DLC</subfield><subfield code='c'>DLC</subfield></datafield><datafield ind1='0' ind2='0' tag='050'><subfield code='a'>MLCS 91/08796 (P)</subfield></datafield><datafield ind1='1' ind2=' ' tag='100'><subfield code='a'>Vicuña, Cecilia</subfield></datafield><datafield ind1='1' ind2='3' tag='245'><subfield code='a'>La Wikʾuña /</subfield><subfield code='c'>Cecilia Vicuña.</subfield></datafield><datafield ind1=' ' ind2=' ' tag='260'><subfield code='a'>Santiago, Chile :</subfield><subfield code='b'>Francisco Zegers Editor,</subfield><subfield code='c'>1990.</subfield></datafield><datafield ind1=' ' ind2=' ' tag='300'><subfield code='a'>112 p. ;</subfield><subfield code='c'>21 cm.</subfield></datafield><datafield ind1='0' ind2=' ' tag='490'><subfield code='a'>Colección El Verbo oro</subfield></datafield><datafield ind1=' ' ind2='7' tag='648'><subfield code='a'>1900-1999</subfield><subfield code='2'>fast</subfield></datafield><datafield ind1=' ' ind2='0' tag='650'><subfield code='a'>Chilean poetry</subfield><subfield code='y'>20th century</subfield></datafield><datafield ind1='0' ind2='8' tag='776'><subfield code='i'>Online version:</subfield><subfield code='a'>Vicuña, Cecilia.</subfield><subfield code='t'>Wikʼuña.</subfield><subfield code='d'>Santiago, Chile : Francisco Zegers Editor, 1990</subfield><subfield code='w'>(OCoLC)659536201</subfield></datafield><datafield ind1='1' ind2=' ' tag='583'><subfield code='a'>committed to retain</subfield><subfield code='c'>20181001</subfield><subfield code='d'>in perpetuity</subfield><subfield code='f'>ReCAP Shared Collection</subfield><subfield code='5'>HUL</subfield><subfield code='8'>221841960710003941</subfield></datafield><datafield ind1='1' ind2=' ' tag='583'><subfield code='a'>committed to retain</subfield><subfield code='c'>20170930</subfield><subfield code='d'>20421231</subfield><subfield code='f'>HathiTrust</subfield><subfield code='5'>HUL</subfield><subfield code='8'>221841960710003941</subfield></datafield><datafield ind1='0' ind2=' ' tag='852'><subfield code='c'>HD</subfield><subfield code='h'>MLCS 91/08796 (P)</subfield><subfield code='0'>11326009</subfield><subfield code='b'>scsbhl</subfield></datafield><datafield ind1=' ' ind2=' ' tag='876'><subfield code='0'>11326009</subfield><subfield code='a'>17059564</subfield><subfield code='h'> </subfield><subfield code='j'>Available</subfield><subfield code='k'>WID</subfield><subfield code='p'>HWGN5V</subfield><subfield code='x'>Shared</subfield><subfield code='z'>HW</subfield><subfield code='l'>HD</subfield></datafield></record>