
<record><leader>01952nam a22003495  4500</leader><controlfield tag='001'>SCSB-10674304</controlfield><controlfield tag='005'>20210422172841.0</controlfield><controlfield tag='008'>110915s2011    caua          000 p eng d</controlfield><controlfield tag='009'>990129094640203941</controlfield><datafield ind1=' ' ind2=' ' tag='020'><subfield code='a'>9781930068506</subfield></datafield><datafield ind1=' ' ind2=' ' tag='020'><subfield code='a'>1930068506</subfield></datafield><datafield ind1=' ' ind2=' ' tag='035'><subfield code='a'>(OCoLC)753631513</subfield><subfield code='z'>(OCoLC)753637376</subfield><subfield code='z'>(OCoLC)758899225</subfield></datafield><datafield ind1=' ' ind2=' ' tag='040'><subfield code='a'>MH-H</subfield><subfield code='c'>MH-H</subfield></datafield><datafield ind1='1' ind2=' ' tag='041'><subfield code='a'>eng</subfield><subfield code='a'>spa</subfield><subfield code='h'>spa</subfield></datafield><datafield ind1=' ' ind2='4' tag='050'><subfield code='a'>PQ8098.32.I35</subfield><subfield code='b'>S2 2011</subfield></datafield><datafield ind1='1' ind2=' ' tag='100'><subfield code='a'>Vicuña, Cecilia</subfield></datafield><datafield ind1='1' ind2='0' tag='245'><subfield code='a'>Saborami /</subfield><subfield code='c'>by Cecilia Vicuña.</subfield></datafield><datafield ind1='1' ind2='4' tag='246'><subfield code='a'>Sabor a mí</subfield></datafield><datafield ind1='1' ind2='4' tag='246'><subfield code='a'>Sabor a mí</subfield></datafield><datafield ind1=' ' ind2=' ' tag='260'><subfield code='a'>Oakland and Philadelphia :</subfield><subfield code='b'>ChainLinks</subfield><subfield code='c'>2011.</subfield></datafield><datafield ind1=' ' ind2=' ' tag='300'><subfield code='a'>163, [3] p., [10] p. of plates:</subfield><subfield code='b'>ill. (some col.) ;</subfield><subfield code='c'>21 cm.</subfield></datafield><datafield ind1=' ' ind2=' ' tag='500'><subfield code='a'>Origninally published in 1973 by the Beau Geste Press, Devon, UK.</subfield></datafield><datafield ind1=' ' ind2=' ' tag='546'><subfield code='a'>Spanish with English translations.</subfield></datafield><datafield ind1='0' ind2=' ' tag='505'><subfield code='a'>Sabor a mí -- Fragments of memory: an afterward.</subfield></datafield><datafield ind1=' ' ind2=' ' tag='520'><subfield code='a'>First published in 1973, two months after the military coup in Chile, Cecilia Vicuña&apos;s Saborami is a document of the times and the way in which history can change art. It is filled with the urgent hope that art, too, can change history. Put together when Vicuña was just twenty-five years old, the poems, paintings, and objects of Saborami enact a complex and multidimensional conversation. The meanings of the works (which were created over a seven year period) shifted radically after the events of September 11, 1973. Their meanings continue to shift and resonate in light of political events today. This recreation of the original Saborami is published with a new afterword Vicuña wrote especially for this edition. --Back cover.</subfield></datafield><datafield ind1='2' ind2='0' tag='610'><subfield code='a'>Beau Geste Press.</subfield></datafield><datafield ind1='1' ind2=' ' tag='700'><subfield code='a'>Ehrenberg, Felipe</subfield><subfield code='e'>tr.</subfield></datafield><datafield ind1=' ' ind2=' ' tag='752'><subfield code='a'>United States</subfield><subfield code='b'>California</subfield><subfield code='d'>Oakland.</subfield></datafield><datafield ind1='2' ind2=' ' tag='710'><subfield code='a'>Woodberry Poetry Room (Harvard College Library).</subfield><subfield code='t'>Collections,</subfield><subfield code='e'>repository.</subfield><subfield code='5'>poe</subfield></datafield><datafield ind1='1' ind2=' ' tag='583'><subfield code='a'>committed to retain</subfield><subfield code='c'>20181001</subfield><subfield code='d'>in perpetuity</subfield><subfield code='f'>ReCAP Shared Collection</subfield><subfield code='5'>HUL</subfield><subfield code='8'>222131124910003941</subfield></datafield><datafield ind1='0' ind2=' ' tag='852'><subfield code='c'>HD</subfield><subfield code='h'>PQ8098.32.I35</subfield><subfield code='i'>S2 2011</subfield><subfield code='0'>11460723</subfield><subfield code='b'>scsbhl</subfield></datafield><datafield ind1=' ' ind2=' ' tag='876'><subfield code='0'>11460723</subfield><subfield code='a'>17199634</subfield><subfield code='h'> </subfield><subfield code='j'>Not Available</subfield><subfield code='k'>WID</subfield><subfield code='p'>32044120100334</subfield><subfield code='x'>Shared</subfield><subfield code='z'>HW</subfield><subfield code='l'>HD</subfield></datafield></record>
</collection>